4967 6309
398 304 428 358 e
824 257 1597 357 romcwaaueauarocrrrraaarmo

399 473 558 554 leguntur,
570 473 797 536 recentioribua
814 471 981 553 plerisque.
994 471 1222 550 antiquioribus
1240 471 1418 551 perpaucia3
1439 473 1496 551 qui
1510 477 1549 532 ut
1564 491 1601 534 ex
1619 473 1728 534 eodem
1747 472 1915 554 archetypo
1932 481 2011 538 tam·

400 586 496 647 quam
513 586 531 628 e
548 567 707 628 communi
725 567 814 627 iente
834 583 942 626 omnea
960 563 1094 626 deriuati
1116 569 1190 624 aunt
1211 563 1259 639 (id
1279 563 1363 642 quod
1384 569 1417 625 et
1436 562 1507 624 aliia
1528 564 1615 625 uitii·
1634 573 1666 626 et
1683 583 1833 626 uersuum
1852 566 1959 628 ordine
1977 569 2011 628 in

400 666 514 739 quarta
533 659 697 739 calpurnii
717 659 825 734 ecloga
845 655 984 734 grauiter
1007 654 1136 716 turbato
1158 655 1390 735 comprobatur)
1413 656 1460 717 ita
1483 674 1592 717 ruraua
1615 656 1699 718 iacili
1725 657 1850 736 negotio
1873 659 1906 720 in
1929 665 2013 722 certa

401 753 554 834 quaedam
567 770 682 830 genera
694 749 939 811 distribuuntur.
967 747 1070 827 primo
1084 747 1186 825 generi
1199 747 1394 808 adscribendi
1410 755 1485 808 aunt
1498 749 1618 810 codices
1633 747 1682 810 hic

481 896 514 956 N
553 891 781 973 Neapolitanus
795 889 865 958 380,
878 907 955 949 eaeo.
965 888 1027 949 XV
1039 890 1081 949 in.
1093 889 1143 950 uel
1156 888 1237 948 XIV
1250 907 1306 958 en,
1320 889 1370 950 cui
1382 895 1545 969 tamquam
1561 890 1712 970 gemellus
1725 891 1942 972 adiungendus
1955 900 2013 965 eet,

561 987 618 1048 aed
630 987 658 1046 ia
671 985 723 1045 hic
735 983 839 1044 illicne
852 981 1101 1061 interpolationis
1113 980 1246 1058 uestigia
1258 999 1333 1061 prae
1346 1000 1380 1042 ae
1393 983 1508 1053 ierem.

481 1081 513 1142 G
553 1079 738 1142 Gaddiunua
754 1075 946 1154 (I'lorentiae
959 1074 993 1134 in
1006 1073 1193 1135 bibliotheca
1205 1073 1417 1135 laurentiana
1429 1076 1631 1154 adaeruatue)
1647 1075 1697 1148 90,
1713 1077 1767 1150 12;
1790 1096 1814 1138 a.
1828 1077 1890 1138 XV
1902 1096 1949 1140 ex.

482 1172 514 1234 A
552 1171 627 1232 libri
645 1168 826 1233 Germanici
844 1187 865 1229 a
881 1165 1050 1228 'Ibaddeeo
1062 1165 1195 1244 Vgoleto
1211 1166 1244 1226 in
1260 1165 1386 1227 Italiam
1402 1167 1501 1228 adlati
1519 1169 1692 1250 scripturae
1705 1189 1726 1231 a
1739 1169 1869 1232 Nicoleo
1881 1169 2015 1252 Angelio

563 1283 592 1325 a.
605 1263 686 1323 1492
700 1261 734 1322 in
748 1259 890 1338 margine
902 1258 1018 1320 codicia
1031 1256 1227 1320 Riccardiani
1240 1258 1301 1320 363
1315 1263 1466 1322 onouue

483 1355 517 1416 H
557 1355 698 1416 eiuadem
715 1352 790 1413 libri
808 1357 841 1413 et
858 1349 987 1412 alteriue
1003 1349 1135 1430 exempli
1150 1350 1191 1412 ab
1207 1351 1325 1412 Ioanne
1338 1351 1514 1423 Boccaccio‚
1527 1358 1566 1414 ut
1578 1352 1691 1425 lertur,
1704 1355 1822 1418 aurati
1834 1355 2014 1438 rcripturae

564 1464 646 1526 quae
659 1443 858 1525 adparentia
873 1442 977 1503 codiee
989 1440 1160 1503 Harleiano
1172 1439 1262 1512 2578,
1275 1461 1353 1504 saec.
1366 1443 1454 1505 XVI.

483 1589 529 1652 Hi
542 1587 616 1650 libri
628 1607 693 1648 nou
705 1585 808 1648 colum
821 1584 991 1647 lectionum
1007 1583 1186 1662 integritate
1198 1581 1327 1663 reliquia
1337 1591 1505 1665 praestant.
1521 1587 1576 1650 aad
1589 1589 1686 1651 etiarn
1699 1594 1871 1670 propterea,
1885 1590 1968 1672 quod
1981 1591 2015 1653 iu

402 1683 442 1745 iia
462 1700 543 1763 quae
562 1679 726 1760 Calpurnii
748 1683 825 1740 aunt
846 1697 867 1740 a
885 1682 1036 1758 quattuor
1057 1675 1235 1738 Nemeeiani
1257 1674 1371 1756 eclogia
1393 1677 1636 1759 distinguuntur
1656 1688 1818 1762 poetarum
1837 1683 2015 1746 nominibus

402 1775 522 1857 positia.
549 1779 659 1835 contra
671 1771 778 1833 omnia
789 1769 847 1831 illa
859 1769 1005 1832 undecim
1019 1770 1157 1831 carmine
1168 1768 1224 1828 uni
1236 1766 1408 1850 Calpurnio
1419 1772 1607 1834 tribuuntur
1621 1779 1715 1854 (quae
1728 1794 1778 1835 rea
1792 1775 1901 1837 multia
1911 1777 2016 1839 muci

402 1867 476 1937 luit,
488 1867 587 1928 donec
600 1864 811 1926 iuueteratum
824 1881 959 1924 errorem
974 1861 1103 1922 auatulit
1116 1861 1242 1942 Haupt)
1258 1859 1292 1921 iu

483 2011 513 2072 V
553 2010 696 2088 uulgaria
715 2016 808 2071 notae
826 2007 926 2076 libris.
940 2007 996 2087 qui
1015 2023 1124 2068 omnca
1135 2022 1212 2068 auec.
1227 2003 1291 2066 XV
1309 2002 1361 2065 uel
1379 2002 1461 2066 XVI
1474 2004 1594 2067 excreti
1608 2010 1691 2068 aunt.
1719 2007 1832 2070 borum
1846 2009 1927 2072 duae
1940 2015 2016 2073 nunt

564 2102 693 2176 clausam
714 2100 815 2164 altera

484 2219 505 2260 ι
552 2196 716 2275 aliquanto
728 2193 853 2269 melior3
873 2191 974 2256 altera

484 2311 513 2351 ιι
552 2288 638 2350 omni
650 2287 903 2368 interpolationis
916 2292 949 2347 et
962 2284 1155 2366 corruptelae
1166 2301 1279 2365 genere
1290 2283 1415 2347 reluta

485 2429 625 2492 Stellolia
643 2429 685 2491 ad
698 2429 729 2490 V
745 2430 789 2508 (v,
802 2429 846 2506 rr)
860 2427 1012 2509 adpoaitia
1030 2426 1204 2507 aignificaui
1221 2425 1255 2487 in
1273 2423 1479 2488 Riccardiano
1494 2424 1544 2506 (⁴)
1559 2432 1616 2489 aut
1631 2427 1804 2493 Harleiano
1820 2430 1891 2512 (⁴⁴)
1906 2431 2015 2513 uulsa

405 2532 473 2586 tarn
486 2525 673 2604 acripturam
686 2541 703 2583 e
716 2521 855 2583 melioria
867 2527 960 2583 notae
971 2522 1063 2584 libria
1075 2519 1271 2584 emendatam
1284 2537 1359 2580 eme.

485 2617 631 2679 Medium
643 2615 748 2677 locum
760 2615 844 2676 inter
856 2619 1027 2695 utrumque
1039 2613 1180 2675 codicum
1193 2629 1291 2691 genua
1304 2609 1449 2672 obtinent

486 2760 515 2820 P
554 2750 1454 2836 Pariaiuuaddddaeecmquipoatlvlideeinitet

486 2852 562 2914 lec
575 2852 648 2912 Par.
688 2868 801 2912 ceraue
819 2847 937 2910 acilieet
954 2848 1098 2909 nonnulli
1113 2867 1131 2910 o
1146 2845 1316 2927 calpurnio
1334 2849 1366 2906 et
1383 2844 1573 2911 Nemesiano
1588 2851 1692 2929 (cuiue
1706 2856 1813 2915 tamen
1826 2874 1940 2918 nomeu
1951 2873 2017 2918 non

567 2943 713 3022 adparet)
741 2940 931 3021 deprompti.
961 2941 1017 3021 qui
1041 2942 1075 3002 in
1097 2938 1239 3018 florilegii
1262 2935 1376 3000 Gallici
1399 2934 1492 3000 libris
1514 2938 1666 3005 Pariuinia
1692 2942 1770 3006 7647
1795 2963 1871 3009 aeae.
1894 2947 1962 3008 XII
1984 2953 2018 3010 et

569 3035 671 3097 17903
686 3053 763 3098 auec
778 3033 868 3095 XIII
880 3034 1038 3113 leguntur.

488 3191 617 3255 codice·
635 3190 667 3251 N
686 3188 717 3252 G
734 3191 766 3250 Δ
785 3189 819 3250 H
837 3190 872 3249 in
889 3187 986 3250 buiua
1003 3186 1146 3249 editionis
1163 3207 1256 3250 naum
1270 3191 1337 3272 ipae
1350 3193 1452 3256 denno
1466 3191 1534 3255 eiua
1545 3191 1663 3254 contuli
1677 3193 1743 3254 eiua
1756 3192 1882 3272 inspexi
1910 3192 2017 3274 itaque

409 3286 512 3365 cique
523 3283 575 3346 bic
592 3281 684 3344 aliter
697 3281 815 3362 acripta
827 3280 1034 3342 inueniuntur
1051 3286 1146 3360 atque
1157 3280 1191 3342 in
1204 3282 1321 3346 maiore
1333 3285 1469 3348 editione
1483 3304 1564 3368 quae
1577 3282 1701 3366 Iipaiae
1714 3290 1746 3346 et
1760 3283 1881 3365 Pragae
1893 3305 1922 3349 a.
1937 3285 2017 3348 leet

408 3375 535 3458 prodiit.
549 3373 693 3436 secundia
706 3374 790 3435 curia
802 3372 933 3434 lectoren
946 3372 1039 3435 fidem
1052 3372 1217 3434 habant?

408 3559 449 3621 Id
472 3467 640 3622 odoplpusznlu
653 3465 778 3547 eclogae
790 3465 966 3548 typothetir
979 3464 1118 3528 redditae
1132 3471 1206 3528 aunt
1219 3465 1327 3530 wudu
1341 3488 1419 3551 quaa
1432 3475 1548 3532 uomet
1563 3469 1649 3553 typis
1666 3469 1862 3535 excudendae
1878 3471 1947 3535 ad.
1961 3469 2016 3532 III

489 3777 659 3859 calpurnio
672 3779 778 3842 uinum
791 3784 841 3842 eat
856 3778 1022 3841 adnectue
1036 3779 1322 3844 confflem
1335 3781 1452 3845 librum
1465 3780 1623 3846 decimum
1636 3785 1676 3844 ut
1684 3781 1830 3844 Maronia
1844 3781 2018 3845 imitator-ea

408 3869 460 3932 hic
472 3870 655 3950 Georgicon,
668 3871 723 3932 ille
739 3870 908 3933 Bucolicou
924 3870 1032 3932 ordine
1050 3891 1083 3933 aa
1099 3873 1280 3954 exciperent
1308 3874 1370 3938 buc
1381 3875 1511 3937 aoeeffit
1523 3875 1609 3956 quod
1623 3874 1804 3955 scriptorem
1817 3873 2017 3940 hortulanum

285 3947 299 3965 ”
409 3962 619 4025 Baehrenaiua
638 3964 742 4025 neacio
757 3983 822 4045 qua
840 3963 881 4026 de
899 3983 994 4026 cauea
1011 3966 1046 4026 in
1062 3965 1229 4028 Poetarum
1242 3966 1427 4028 Iatinorum
1445 3968 1607 4030 Minorem
1627 3966 1805 4029 meeum
1823 3966 1910 4029 illam
1927 3987 2019 4030 auam

408 4077 472 4120 non
496 4059 672 4138 recepioaet
702 4058 737 4118 in
758 4057 818 4119 boo
840 4059 975 4120 mnino
1000 4061 1183 4122 recensendo
1206 4059 1356 4122 aubaidiia
1379 4061 1428 4122 uni
1453 4079 1563 4123 rumua
1586 4079 1658 4123 cum
1683 4059 1876 4123 Eaeuaaneri
1893 4060 2020 4140 (caron

370 4144 375 4152 ’
409 4151 559 4232 Heeycbii
573 4151 669 4228 1889)
684 4157 754 4212 tum
767 4150 1001 4212 Iaundatruemii
1016 4153 1176 4232 (Vpnliae
1190 4152 1388 4230 18971908).

489 4245 539 4306 De
552 4245 695 4306 codicum
708 4243 886 4306 rationibua
899 4250 934 4305 et
946 4244 1054 4325 pretiia
1067 4265 1130 4307 nen
1143 4247 1290 4326 estquod
1302 4251 1375 4328 pou
1387 4245 1445 4308 boa
1457 4245 1542 4308 uiroc
1555 4245 1659 4308 multa
1671 4245 1879 4327 diaputentnr.
1908 4247 2020 4327 optimi

410 4345 485 4400 eunt
497 4338 552 4420 qui
566 4337 693 4418 quidem
708 4336 802 4399 hodie
816 4342 923 4399 extent

491 4480 514 4542 8
562 4479 838 4588 Sangemanenrb
858 4478 1112 4561 Petropolilanua
1132 4480 1206 4542 olim
1226 4477 1831 4551 cernunoMscr.1at.1‚necu101x
1844 4484 1881 4542 ut
1894 4479 2020 4544 uidetur

489 4666 521 4728 A
560 4577 790 4728 dilllrtdllidtua
801 4664 830 4726 1,
843 4666 883 4727 et
898 4685 967 4747 aup.
981 4665 1036 4746 qui
1051 4666 1171 4728 noculo
1182 4666 1232 4728 IX
1246 4664 1298 4728 uel
1312 4665 1344 4726 X
1357 4665 1492 4745 acriptua
1505 4684 1573 4727 eaeo
1586 4663 1710 4727 dicitur.

410 4809 472 4871 buc
498 4807 616 4870 accedit
643 4827 760 4887 magna
786 4809 876 4888 eopia
900 4807 1054 4870 librorum
1082 4808 1204 4870 saeculo
1227 4808 1290 4869 XV
1313 4809 1499 4890 scriptorum
1521 4826 1654 4888 quorum
1683 4827 1850 4871 concensu·
1875 4808 1959 4872 redit
1979 4810 2018 4872 ad

410 4903 547 4964 codicem
559 4921 578 4963 a
590 4902 711 4980 Poggio
722 4907 883 4981 repertum
893 4921 978 4962 nunc
986 4920 1060 4964 uero
1069 4900 1274 4981 deperditum.
1303 4920 1341 4963 ex
1350 4902 1400 4962 hia
1412 4901 1479 4962 uoti
1489 4906 1565 4962 aunt
1574 4899 1709 4981 quodam
1721 4901 1814 4964 modo
1823 4899 2020 4982 undeuiginti

411 5013 549 5057 numero.
577 4993 768 5056 rettulerunt
778 4994 862 5054 enim
876 4993 916 5055 de
927 4993 978 5054 XI
988 4993 1176 5063 Hucusanen
1185 4991 1332 5054 deXVII
1341 4992 1617 5054 Lundstroemiuar
1639 4992 1764 5072 explent
1777 5011 1871 5073 quam
1885 4993 2019 5056 diximus

411 5107 566 5149 summam
580 5087 742 5149 ParieInua
760 5087 842 5148 6830
859 5086 886 5150 0
904 5093 937 5148 et
955 5087 1124 5169 Iipeienaie
1142 5086 1219 5167 Rep.
1234 5085 1289 5147 1r.
1305 5084 1343 5146 le
1357 5084 1548 5147 Haeueaneri
1569 5103 1590 5146 a
1601 5085 1842 5147 Lundstroemio
1855 5106 1918 5148 uon
1929 5087 2018 5149 adhi-

411 5179 479 5241 biti.
512 5181 570 5242 hoa
591 5187 688 5242 testea
707 5200 771 5241 non
790 5180 976 5260 cingillatim
998 5182 1129 5242 citamus
1151 5177 1206 5241 eod
1223 5197 1287 5259 quo
1305 5177 1484 5240 Haeuaaner
1504 5182 1537 5240 et
1557 5177 1816 5243 Lundstroemiur
1835 5180 1937 5252 modo,
1951 5200 2020 5243 con-

412 5273 566 5350 gregatim
579 5273 894 5354 atqueunaquidem
907 5273 1014 5334 littere
1025 5271 1197 5334 maiuscula
1699 5287 1702 5295 “
