4967 6309
423 389 443 427 x
836 375 894 429 AD
915 375 1121 429 suorum
1140 374 1386 428 BENEVOIVM
1404 374 1628 428 PRAEFATIO

422 538 632 612 contulerunt,
653 559 845 622 quamquam
865 540 1002 602 infelicia
1021 540 1178 622 pler-eque,
1203 540 1389 619 neclegenda
1408 560 1471 602 non
1492 541 1577 612 duxi,
1597 540 1698 603 electa
1718 558 1871 621 perpauca
1890 540 1923 599 in
1943 538 2037 599 adno-

421 632 573 693 tationem
586 631 704 693 rettuli.

503 724 574 786 Hoc
589 724 723 804 denique
743 724 849 786 animo
868 743 949 805 opus
970 724 1136 804 adgressum
1156 744 1227 788 sum
1241 732 1288 796 ut.
1302 745 1373 788 cum
1389 726 1590 790 Steinhartus
1602 733 1635 789 et
1648 727 1768 788 Hosius
1781 724 1917 787 codicum
1933 723 2040 803 stirpis

422 815 609 878 ‘Paulinae'
630 818 854 898 praestantiam
876 816 1079 880 meoiudicio
1100 826 1183 879 recte
1204 820 1494 893 demonstrauerint
1508 822 1550 884 ab
1570 842 1676 883 eorum
1697 820 1836 881 codicum
1856 818 2039 879 auctoritate

422 928 485 971 non
505 909 566 969 nisi
587 910 709 989 magnis
725 909 900 971 rationibus
921 918 1045 974 coaetus
1066 913 1251 974 recesserim.
1292 914 1400 993 itaque
1420 933 1483 977 non
1504 913 1599 976 semel
1620 914 1756 976 Herium
1776 912 1924 975 Hosianis
1943 909 2039 990 copiis

422 1019 610 1082 ⁰l>P¹18¹²⁸1¹L

501 1096 541 1156 In
562 1095 784 1157 uocabulorum
806 1097 959 1177 scriptura
973 1097 1107 1160 Herium
1122 1096 1305 1179 plerumque
1320 1104 1446 1160 secutus
1461 1118 1541 1168 sum,
1556 1101 1611 1179 qui
1624 1097 1802 1159 auctoritati
1823 1097 1933 1157 codicis
1953 1096 1989 1156 M
2006 1094 2039 1155 in

421 1186 480 1248 hoc
492 1205 603 1266 genere
617 1187 786 1267 plurimum
807 1188 927 1249 tribuit
972 1190 1080 1269 scripsi
1100 1210 1172 1269 ergo
1191 1192 1329 1251 circumit
1343 1190 1437 1268 fonce
1449 1192 1584 1271 salcoro.
1599 1190 1717 1271 alioqui
1732 1190 1949 1251 dubitaturus:
1969 1193 2038 1247 tum

420 1286 610 1350 autumnas,
634 1281 751 1341 eludere
778 1288 811 1343 et
837 1282 986 1351 rhodere,
1010 1282 1103 1343 siem
1126 1289 1159 1345 et
1180 1285 1303 1363 hiemps,
1328 1283 1440 1343 oblicus
1464 1290 1496 1345 et
1518 1284 1663 1362 obliquus.
1707 1288 1814 1343 eontra
1838 1301 1900 1342 non
1924 1280 2039 1358 ubique

420 1374 594 1442 etiamnum,
615 1374 669 1435 sed
688 1374 848 1435 interdum
869 1376 961 1436 diam
980 1394 1072 1447 6666,
1086 1375 1141 1437 ubi
1162 1376 1302 1437 codicum
1319 1376 1489 1437 auctoritas
1510 1376 1557 1437 ite
1576 1377 1681 1445 ferret.
1704 1372 1901 1435 scribendum
1921 1372 2036 1434 curaui.

420 1465 530 1546 quain
544 1486 578 1528 re
591 1466 783 1529 Kohlmanni
802 1468 836 1528 in
858 1465 979 1530 edenda
995 1467 1153 1529 Thebaide
1174 1467 1349 1549 exemplum
1369 1476 1495 1530 secutus
1516 1488 1586 1529 sum
1639 1467 1832 1530 aecusatiuos
1852 1464 1987 1546 plurales
2006 1465 2037 1525 in

419 1558 448 1617 ir
460 1556 511 1620 uel
524 1578 554 1618 ee
567 1566 713 1621 exeuntes
727 1560 897 1623 seeundum
912 1559 993 1622 hanc
1007 1565 1065 1621 aut
1077 1560 1165 1621 illam
1177 1561 1320 1630 formem,
1335 1568 1428 1641 prout
1441 1560 1584 1623 codicum
1598 1560 1765 1621 suctnritas
1778 1558 1957 1640 postularet.
1968 1576 2038 1618 oum

420 1648 518 1712 Hosio
532 1650 663 1731 scriptas
677 1651 818 1732 reliqui.”

500 1742 619 1804 Lucani
636 1742 754 1824 primae
772 1745 875 1807 661666
889 1746 1060 1827 typothetis
1077 1746 1184 1808 solidis
1199 1747 1282 1828 typis
1295 1746 1491 1808 excutiendae
1506 1753 1582 1808 sunt
1595 1745 1734 1808 redditae
1755 1764 1783 1805 a.
1793 1744 1824 1805 6.
1838 1741 1953 1803 XVIII
1967 1741 2037 1802 Kal.

421 1832 491 1897 Dec
511 1834 599 1903 1898,
615 1835 744 1898 ultimae
756 1856 785 1899 a.
797 1837 828 1898 6.
843 1838 928 1899 VIII
942 1839 1014 1900 Kal.
1029 1838 1100 1899 Iun.
1117 1837 1203 1900 1899.

500 1923 618 1988 Lucani
638 1928 816 2008 fragmenta
837 1950 908 1991 cum
930 1931 1121 1993 Heitlandns
1142 1932 1273 2011 negotiis
1294 1932 1451 1993 distentus
1470 1939 1561 2001 esset,
1583 1931 1643 2011 ipsi
1666 1930 1824 2009 recognita
1844 1927 2038 1997 subiecimus.

419 2018 560 2083 Hosiana
572 2028 605 2082 ct
618 2021 850 2085 Baehrensiana
863 2025 1053 2087 editionibus
1066 2026 1248 2105 praesertim
1262 2026 1303 2087 ad
1318 2025 1350 2086 id
1365 2045 1443 2105 opus
1458 2024 1616 2085 adhibitis
1661 2027 1735 2083 suut
1749 2028 1854 2083 autem
1868 2020 2039 2102 typothctis

419 2110 543 2175 reddita
556 2112 662 2176 solidis
676 2116 760 2197 typis
773 2116 954 2180 excudenda
966 2139 994 2179 a.
1006 2118 1036 2179 6.
1051 2116 1137 2177 VIII
1151 2116 1222 2178 Kal.
1239 2118 1322 2178 Sext.
1340 2117 1428 2178 1899.

500 2318 663 2381 vntum
702 2320 859 2385 Funccl
894 2324 1106 2403 Argonautica
1140 2325 1311 2385 Iounurrrs
1346 2324 1381 2385 Β.
1418 2324 1510 2383 Bvar
1546 2324 1734 2403 recognouit‚
1770 2342 1861 2402 quem
1892 2321 1931 2382 dc
1965 2342 2038 2382 suae

420 2411 603 2475 recensionis
617 2412 792 2475 rationibus
806 2416 850 2475 sic
863 2414 1042 2495 loquentem
1058 2416 1164 2478 audire
1179 2416 1328 2478 iubemus.

499 2512 517 2539 ‘¹
528 2503 676 2567 Codicum
700 2506 806 2569 Valeri
831 2508 944 2580 Ilaeci,
969 2510 1084 2589 quippe
1105 2510 1159 2590 qui
1187 2529 1206 2570 a
1230 2509 1351 2571 duobus
1377 2509 1466 2570 libris
1490 2529 1526 2571 er
1554 2509 1722 2588 archetypo
1745 2508 1852 2569 eodem
1877 2506 2038 2587 descriptis

418 2598 697 2753 qffipmmnem
718 2600 845 2670 ducant,
859 2608 968 2663 extant
987 2603 1050 2664 duo
1071 2621 1190 2679 genere,
1205 2602 1287 2664 inter
1305 2621 1338 2663 sc
1352 2608 1420 2663 arte
1433 2601 1615 2674 coniuncta;
1637 2620 1700 2681 quo
1715 2600 1815 2670 modo,
1829 2599 1905 2661 haec
1922 2598 2037 2660 tabella

566 2691 599 2751 it

500 2820 529 2881 V
587 2821 757 2885 Vaticanus
771 2823 852 2885 82⁷7
867 2844 944 2887 saec.
958 2826 1007 2887 IX
1026 2833 1178 2897 exaratus,
1194 2833 1297 2889 textus
1311 2826 1479 2896 Valeriani,
1495 2846 1587 2906 quem
1610 2831 1711 2887 totum
1728 2824 1803 2901 (nisi
1825 2824 1906 2885 locos
1923 2842 2038 2903 paucos

580 2916 634 2976 ubi
655 2915 733 2979 lolia
752 2916 878 2998 singula
899 2919 1033 2981 exscisso
1057 2924 1143 2999 sunt)
1163 2920 1311 2989 continet,
1330 2919 1573 2981 tundamentum
1594 2918 1805 2998 praecipuum.
1849 2914 1903 2993 (V²
1921 2942 1946 2965 =
1962 2934 2036 2975 corr.

581 3026 659 3071 saec.
673 3008 759 3089 XV.)

662 3102 856 3184 Apographa
869 3104 1028 3168 Vaticani:
1047 3096 1050 3101 ¹

742 3215 775 3258 m
833 3197 1030 3261 Monacensis
1045 3219 1121 3261 saec.
1135 3199 1205 3271 XV,
1219 3220 1236 3259 6
1250 3200 1280 3260 V
1294 3199 1433 3261 nondum
1445 3206 1581 3261 correcto
1595 3198 1801 3277 transcriptus

743 3309 763 3350 n
835 3291 1005 3355 Vaticanus
1020 3292 1099 3354 1658
1115 3312 1191 3354 saec.
1206 3292 1274 3353 XV.

824 3382 890 3443 Alii
910 3384 1028 3447 codices
1049 3386 1164 3447 nouelli
1186 3392 1293 3447 extant
1306 3404 1386 3465 quos
1403 3384 1490 3447 adire
1508 3404 1571 3445 non
1585 3381 1841 3463 operaepretium
1857 3381 1958 3441 uisum
1979 3386 2034 3440 est

743 3476 878 3538 codicem
893 3478 1026 3557 Regium
1045 3478 1086 3541 ab
1099 3478 1238 3547 Heinsio.
1252 3486 1285 3540 et
1298 3478 1434 3541 codicem
1446 3478 1622 3539 Burmanni
1635 3496 1655 3537 a
1668 3475 1859 3541 Burrnanno,
1873 3472 2035 3533 laudatum

744 3588 978 3650 nonnumquam
990 3572 1095 3641 citaui,
1107 3572 1146 3633 66
1159 3571 1274 3652 quibus
1285 3572 1363 3632 nihil
1374 3576 1495 3633 6666661
1506 3570 1566 3629 nisi
1577 3567 1662 3649 quod
1673 3566 1856 3629 recentiores
1870 3571 1958 3626 erant
1971 3570 2004 3625 et
2017 3582 2037 3623 s

743 3660 896 3723 Vaticano
909 3662 1052 3725 deriueti.

499 3754 521 3815 S
583 3752 803 3834 Sangallensis,
837 3754 929 3818 hodie
963 3756 1151 3837 deperditus.
1180 3757 1234 3836 qui
1263 3763 1385 3817 tantum
1414 3754 1511 3815 libros
1538 3754 1625 3814 I-III
1653 3751 1700 3812 IV
1730 3749 1822 3810 1317
1849 3748 2033 3811 continebat.

580 3866 656 3909 saec.
671 3845 733 3908 XV
746 3847 779 3909 in
800 3850 988 3912 monasterio
1010 3850 1108 3911 sancti
1123 3848 1206 3911 (lulli
1226 3850 1259 3910 in
1281 3849 1429 3911 Heluetia
1448 3848 1574 3908 extabat
1595 3845 1650 3907 ubi
1671 3844 1735 3905 duo
1756 3842 1933 3924 apographa
1952 3842 2037 3903 facta

581 3945 664 4001 sunt.

658 4033 852 4115 Apographa
867 4036 1093 4115 Sangallensis:

740 4153 763 4207 μ
821 4128 1018 4191 Matritensis
1032 4129 1063 4189 X
1075 4129 1124 4197 81,
1140 4150 1216 4191 saec.
1232 4128 1294 4190 XV
1307 4147 1326 4188 a
1339 4128 1460 4207 Poggio
1475 4127 1617 4206 scriptus.

822 4242 843 4302 p
901 4221 1073 4283 Vaticanus
1096 4223 1186 4293 1613,
1210 4241 1287 4284 saec.
1313 4221 1374 4281 XV
1396 4240 1414 4281 e
1435 4220 1626 4288 Matritensi,
1645 4225 1741 4297 stqne
1761 4216 1838 4277 adeo
1857 4214 2034 4294 apographo

905 4315 1110 4385 Matritensis,
1125 4314 1307 4395 descriptus.

824 4406 854 4488 p'
905 4409 1076 4472 Vaticanus
1099 4407 1186 4477 1614,
1208 4406 1357 4486 gemellus
1378 4406 1449 4467 libri
1470 4425 1564 4486 quem
1582 4426 1604 4485 p
1625 4402 1798 4481 designaui.
1813 4401 1868 4462 666
1887 4399 2032 4461 contami·

905 4500 1041 4564 nationis
1055 4500 1139 4561 haud
1153 4519 1268 4579 expers,

741 4612 763 4673 q
821 4593 1014 4664 0666166616,
1047 4594 1080 4654 in
1115 4592 1252 4671 Collegio
1285 4592 1454 4671 Reginensi
1488 4596 1641 4659 seruatus,
1671 4608 1747 4651 saec
1775 4585 1846 4654 XV,
1880 4608 1900 4645 a
1934 4584 2035 4646 scriba

822 4687 979 4749 Germano
999 4688 1122 4749 indocto
1145 4689 1196 4763 (nt
1208 4688 1245 4746 A.
1261 4686 1295 4747 O.
1312 4686 1405 4747 Olarh
1426 4684 1477 4745 uir
1498 4684 1643 4745 scientiae
1663 4679 1934 4762 palaeographicae
1953 4678 2033 4757 peri·

822 4780 965 4843 hesimus
977 4779 1175 4857 arbitratur),
1189 4782 1323 4841 fortasse
1337 4777 1547 4840 Bartolomaei
1557 4775 1710 4837 Puliciani
1724 4774 1818 4835 iussis
1830 4778 1863 4833 et
1875 4771 2033 4852 impensis,

824 4882 978 4938 exaratus.

823 4991 842 5032 o
900 4970 1130 5033 ottobonianus
1145 4968 1224 5029 1258
1239 4987 1315 5029 saec.
1331 4966 1400 5060 XV,
1414 4965 1547 5027 tortasse
1560 4962 1776 5043 apographum
1790 4959 1979 5022 oxoniensis.

495 5112 715 5190 Quaestionm
753 5115 794 5178 de
830 5114 1018 5196 apographis
1052 5112 1314 5193 Sangallensibus,
1348 5110 1505 5192 quondam
1539 5109 1766 5188 perobscurum,
1801 5104 1918 5167 lumine
1950 5122 2033 5167 nono

416 5226 515 5287 nuper
541 5206 715 5271 illustrauit
741 5209 780 5270 A.
810 5209 843 5271 Ο.
867 5208 972 5279 Clark,
1000 5208 1055 5289 qui
1079 5206 1258 5288 apographo
1278 5204 1401 5284 Poggii.
1428 5203 1462 5262 in
1485 5200 1674 5263 bibliotheca
1698 5199 1877 5261 Matritensi
1901 5202 2033 5266 seruato,

415 5298 552 5380 primum
571 5300 685 5363 collato
704 5304 899 5381 argumenti·
920 5300 1028 5364 6611616
1049 5306 1085 5362 ut
1105 5300 1182 5361 mihi
1200 5298 1328 5359 uidetur
1347 5294 1584 5363 demonstrauit.
1598 5294 1717 5355 codices
1737 5292 1864 5373 quidem
1883 5290 1947 5353 (luo
1963 5308 1985 5369 p
2000 5294 2033 5349 et

414 5390 445 5473 p'
468 5391 508 5456 de
526 5420 549 5474 μ
568 5392 649 5456 libro
668 5393 781 5475 Poggii
805 5395 887 5472 (siue
907 5394 975 5475 ipso
995 5394 1062 5455 siue
1081 5412 1137 5474 per
1156 5390 1283 5472 aliquod
1302 5389 1517 5471 apographum
1537 5387 1750 5469 deperditum>
1765 5384 1958 5451 descendere.
1978 5380 2034 5444 aed
