4967 6309
836 356 893 411 At>
908 353 1115 410 tremunt!
1128 350 1375 406 setarum
1389 350 1612 406 5155555555
2003 351 2035 406 ix

499 532 624 592 Horum
644 533 763 610 septem
782 524 922 588 codicum
940 522 1050 604 optimi
1070 524 1143 583 sunt
1161 525 1195 582 et
1211 517 1296 582 inter
1312 537 1345 581 55
1359 519 1484 598 cognati
1498 517 1529 580 U
1543 523 1576 580 et
1588 519 1627 589 0,
1642 538 1775 601 quorum
1787 521 1822 581 15
1835 525 1969 602 utroque
1982 517 2034 582 uel

417 627 452 686 in
472 625 624 686 alterutro
644 623 715 704 plus
734 618 848 698 ufginti
869 615 1011 679 uersibus
1031 618 1156 676 seruata
1175 619 1225 676 est
1244 631 1321 674 uera
1342 613 1498 691 scriptura
1517 630 1617 691 neque
1637 612 1671 672 in
1690 613 1798 674 5555515
1812 619 1921 674 extans
1934 629 2035 693 55555

419 737 492 780 uero
513 717 547 777 in
568 717 604 786 P,
627 732 762 794 quocum
784 711 878 772 etism
901 707 1002 770 multa
1023 707 1140 768 habent
1162 705 1350 766 communia.
1383 703 1410 764 L
1435 704 1526 783 55551
1551 704 1723 784 exemplum
1744 705 1873 785 praebet
1893 705 2034 782 uulgaris

417 807 605 872 recensionis
626 812 659 868 et
679 804 803 883 longius
826 821 919 882 quam
941 800 1034 862 ceteri
1056 818 1108 860 sex
1130 816 1150 858 a
1171 797 1199 856 P
1219 797 1345 866 recedit,
1369 795 1419 858 cui
1442 815 1512 857 cum
1536 795 1606 856 aliis
1629 797 1746 858 iaciens
1765 802 1815 856 555
1832 795 1941 858 multis
1959 796 2035 858 locis

416 906 565 982 praestat,
592 915 718 979 perraro
743 895 836 956 55155.
869 893 910 954 55
931 892 1023 953 55155
1048 896 1131 952 secte
1153 889 1242 952 5555
1265 889 1374 970 555515
1400 889 1572 970 5551555515,
1596 889 1711 968 partim
1734 889 1827 951 55155
1849 888 2034 966 insignibus,

416 995 593 1057 desciscunt
617 995 649 1052 et
670 1007 741 1050 cum
754 987 783 1046 P
797 985 1010 1049 consociantur
1030 981 1140 1052 VO'I',
1154 1002 1190 1044 ex
1204 982 1321 1062 quibus
1335 980 1399 1042 FT
1414 981 1554 1062 propriae
1568 982 1634 1062 5515
1649 1000 1711 1041 555
1725 981 1863 1043 multum
1877 981 2033 1048 adferunt,

416 1089 578 1168 aliquanto
598 1083 670 1163 plus
691 1079 728 1151 Ο,
743 1079 793 1142 551
812 1083 971 1158 praeterea
992 1075 1147 1157 singulare
1166 1075 1261 1137 decus
1279 1073 1484 1136 circumdedit
1503 1080 1626 1134 saturae
1649 1080 1750 1134 sextae
1769 1075 1981 1152 fragmentum
2001 1073 2035 1132 15

416 1200 452 1242 eo
474 1178 539 1240 solo
560 1181 731 1238 seruatum.
761 1173 791 1232 A
809 1171 981 1252 descriptus
1001 1175 1105 1231 estex
1126 1167 1230 1230 codice
1252 1165 1419 1230 Pithoeani
1436 1166 1603 1238 simillimo,
1620 1166 1777 1228 interdum
1792 1167 1886 1229 etiam
1900 1167 2034 1236 meliore,

417 1275 471 1336 sed
485 1294 522 1336 ex
537 1271 662 1350 uulgari
676 1266 797 1330 fami1ia
811 1264 1013 1328 multifariam
1026 1260 1223 1343 interpolato.

498 1365 560 1442 Qui
579 1367 739 1444 praeterea
759 1359 876 1421 codices
895 1355 1072 1438 interpolati
1086 1354 1121 1415 15
1134 1358 1288 1434 apparatu
1302 1355 1407 1418 critico
1422 1357 1556 1420 adhibiti
1572 1364 1646 1421 sunt
1661 1359 1725 1420 5515
1739 1357 1917 1422 nominibus
1931 1357 2035 1440 appel-

417 1457 532 1520 lantur.
569 1461 689 1538 septem
709 1453 776 1532 ipse
798 1449 927 1529 inspexi,
949 1448 982 1508 in
1006 1465 1112 1509 museo
1134 1446 1317 1509 Britannico
1339 1449 1531 1522 adseruatos,
1557 1450 1656 1514 15600
1679 1471 1755 1514 saec.
1778 1453 1837 1527 IX,
1861 1451 1900 1512 15
1919 1451 1948 1511 Β
1966 1451 2035 1512 XII

418 1571 495 1614 saec.
510 1550 551 1621 X,
566 1550 606 1610 15
625 1548 654 1608 Β
673 1543 771 1608 XVII
787 1548 819 1604 et
831 1541 946 1602 XVIII
960 1546 993 1601 et
1007 1539 1104 1601 30861
1122 1557 1201 1601 5555.
1214 1538 1274 1608 XI,
1290 1538 1391 1602 11672
1408 1542 1476 1622 (551
1491 1549 1549 1605 555.
1565 1544 1682 1606 LVIII
1696 1545 1830 1622 omittit)
1847 1563 1921 1606 5555.
1939 1543 2034 1612 XIII,

417 1644 515 1705 Burn
533 1644 591 1704 192
607 1659 685 1702 saec.
700 1635 776 1711 XV;
800 1641 970 1697 ceterorum
983 1631 1130 1694 notitiam
1145 1631 1298 1711 Rupes-tio
1313 1631 1426 1696 Iahnio
1439 1634 1539 1698 Hosio
1552 1637 1684 1717 51115555
1698 1637 1803 1699 debeo.

500 1761 522 1795 ω
564 1735 670 1795 1155555
687 1749 764 1791 usus
783 1746 853 1788 sum
872 1731 909 1786 ut
929 1723 1069 1786 codicum
1089 1729 1211 1804 praeter
1229 1721 1257 1782 P
1275 1724 1327 1784 551
1347 1726 1489 1788 omnium
1509 1729 1559 1790 uel
1578 1729 1741 1792 meliorum
1761 1730 1812 1791 551
1826 1750 1843 1791 5
1857 1727 2037 1791 5511551555

580 1824 721 1908 plurium
735 1836 926 1890 consensum,

502 1949 520 1983 5
564 1925 603 1981 55
615 1914 784 1981 eorundem
798 1911 937 1975 codicum
952 1909 1003 1973 551
1016 1930 1116 1972 uuum
1130 1909 1180 1971 uel
1195 1908 1316 1990 aliquos
1327 1909 1381 1972 uel
1396 1911 1490 1972 etiam
1505 1911 1665 1974 dimidiam
1682 1919 1803 1995 partem
1820 1912 2036 1993 significarem.

584 2101 731 2181 Superest
744 2102 781 2159 ut
793 2095 1004 2175 fragmentum
1018 2091 1109 2172 longe
1122 2091 1377 2154 uetustissImum
1391 2111 1628 2155 commemorem

501 2192 579 2256 Bob.
620 2191 859 2273 palimpsestum
878 2185 1073 2254 Bobiensem,
1096 2183 1177 2244 5750
1196 2183 1402 2246 bibliothecae
1422 2183 1601 2256 Vaticanae,
1622 2203 1714 2264 quem
1741 2203 1817 2248 5555.
1839 2184 1887 2246 IV
1907 2191 2039 2248 5555555

585 2285 735 2366 55515555
758 2285 880 2363 putant,
901 2278 942 2339 ab
963 2275 1083 2356 Angelo
1106 2275 1192 2337 Maio
1214 2281 1373 2356 repertum
1396 2282 1429 2338 et
1451 2295 1470 2337 5
1492 2276 1532 2339 G.
1554 2278 1683 2340 Goetzio
1703 2277 1736 2339 15
1757 2277 1821 2340 155.
1845 2277 1939 2341 schol.
1961 2283 2038 2340 aest.

585 2380 708 2440 155555.
723 2375 797 2437 5551
812 2371 1033 2435 1885551555.
1048 2369 1310 2430 55551555555555
1324 2367 1406 2430 XIV
1420 2369 1556 2432 dib-XV
1569 2371 1609 2433 43
1624 2391 1694 2434 cum
1709 2371 1840 2435 scholiis.

586 2559 649 2620 1115
662 2557 796 2619 55551555
809 2549 928 2617 5555515

503 2653 527 2714 Σ
569 2651 749 2715 scholiastes
771 2648 918 2729 antiquus
942 2643 1031 2708 cuius
1054 2643 1271 2708 adnotationes
1293 2645 1327 2706 in
1349 2644 1378 2707 P
1398 2649 1430 2707 et
1452 2644 1545 2725 8555.
1568 2644 1629 2708 870
1649 2653 1788 2709 seruatae
1811 2652 1893 2709 sunt.
1930 2646 2040 2708 similis

588 2741 836 2811 commentarius,
857 2740 891 2800 15
910 2757 1005 2801 55555
1025 2737 1109 2799 VIII
1131 2738 1188 2800 198
1208 2738 1363 2808 desinens,
1377 2737 1512 2817 GeorgIo
1531 2738 1648 2810 Vallae,
1667 2759 1737 2801 cum
1756 2739 1938 2803 quenalem
1958 2758 2041 2803 anno

588 2837 667 2899 1486
681 2835 794 2904 555555,
808 2836 931 2914 praesto
944 2829 1018 2902 fuit,
1030 2849 1126 2911 quem
1139 2830 1241 2892 Probo
1255 2830 1349 2893 alicui
1363 2833 1566 2910 grammatico
1579 2833 1746 2897 adscribit!

425 3029 667 3186 19⁰5quenalis
688 3034 811 3089 saturae
831 3024 937 3087 solidis
956 3022 1041 3104 typis
1061 3021 1257 3086 uendentes
1278 3024 1450 3105 typothatis
1471 3033 1545 3088 aunt
1565 3026 1705 3089 redditae
1722 3047 1750 3090 5.
1770 3027 1801 3091 5.
1817 3026 1905 3089 VIII
1919 3024 1950 3087 d.
1964 3025 2041 3088 11151.

504 3340 753 3405 NEMESIANI
781 3342 946 3401 Brcomcn
973 3357 1044 3399 cum
1071 3334 1290 3416 051555515515
1318 3334 1478 3415 quondam
1506 3335 1615 3414 inpari,
1639 3335 1723 3415 quod
1750 3335 1849 3405 aiunt,
1870 3335 1944 3414 iugo
1971 3351 2041 3396 con·

423 3436 530 3499 iuncta
550 3437 632 3498 curis
647 3433 790 3496 55555515
804 3432 840 3503 15,
855 3431 910 3512 551
923 3429 986 3502 1115,
1002 3434 1034 3490 et
1046 3428 1123 3490 5555
1135 3427 1292 3490 recensuit
1307 3427 1482 3488 Hsumcvs
1502 3427 1658 3489 8555555
1679 3434 1712 3490 55
1731 3429 1852 3491 5551555
1871 3447 1934 3490 555
1954 3427 2044 3489 55115

423 3532 463 3592 55
482 3529 624 3592 codicum
642 3526 831 3590 testimoniis
845 3523 977 3586 rettulit.
1007 3522 1091 3602 quod
1109 3520 1150 3582 ad
1167 3521 1252 3602 ipsos
1269 3521 1393 3591 attinet,
1408 3525 1515 3582 monet
1533 3521 1616 3582 idem
1634 3519 1714 3582 51511
1729 3520 1788 3583 555
1807 3527 1945 3601 tempore
1962 3539 2041 3600 opus

424 3642 490 3684 esse
504 3620 567 3683 dici
582 3641 654 3682 cum
667 3621 707 3681 55
720 3639 828 3681 eorum
846 3634 975 3679 numero
988 3622 1022 3677 et
1035 3613 1143 3694 pretiis
1158 3613 1192 3674 in
1206 3613 1312 3694 quarti
1329 3613 1392 3674 iam
1409 3613 1548 3674 fasciculi
1563 3614 1795 3696 praefationem
1812 3615 1853 3685 si,
1868 3613 1923 3676 ubi
1936 3631 1985 3676 555
2002 3613 2043 3675 55

424 3713 595 3793 Calpurnio
609 3717 701 3781 55555,
716 3710 868 3773 55515155
882 3708 999 3769 dictum
1016 3707 1064 3768 sit.
1094 3710 1195 3774 notas,
1209 3704 1325 3785 quibus
1339 3705 1504 3766 breuitatis
1519 3724 1612 3768 causa
1622 3707 1683 3786 ipsi
1699 3706 1864 3786 significati
1883 3705 1956 3776 sint,
1970 3724 2042 3768 cum

423 3805 488 3867 illic
510 3809 767 3867 commemoratas
787 3800 934 3870 15555155,
947 3806 1017 3860 555
1038 3799 1120 3862 inter
1139 3816 1276 3878 eaquae
1295 3796 1487 3878 55551555
1507 3799 1686 3860 Nemesiani
1707 3799 1855 3878 paginam
1877 3797 2043 3860 subnotata

425 3910 506 3958 sunt.

508 4057 721 4116 Oruronmcs
735 4053 872 4115 eiusdem
886 4055 947 4133 ipsi
961 4052 1206 4130 recognouimus,
1221 4048 1350 4111 adiectis
1364 4065 1489 4127 555555
1508 4046 1700 4125 fragmentis,
1716 4047 1749 4107 in
1763 4067 1857 4127 quem
1877 4066 2043 4109 numerum

425 4150 520 4211 etiam
535 4149 632 4210 55515
646 4147 697 4210 551
711 4147 816 4228 555155
835 4147 941 4226 555515
958 4146 997 4206 55
1016 4145 1147 4224 5555515
1161 4141 1316 4223 quaedum
1330 4160 1350 4200 5
1364 4138 1518 4220 prioribus
1531 4144 1655 4218 recepta
1668 4145 1700 4199 55
1720 4139 1781 4218 1551
1802 4138 1985 4200 admisimus
2004 4159 2044 4201 ne

425 4244 643 4322 praetermissa
667 4260 687 4300 a
714 4239 889 4320 legentibus
918 4237 1085 4317 aliquando
1113 4235 1372 4297 desiderarentur.
1411 4229 1496 4311 quod
1518 4231 1558 4291 55
1583 4229 1770 4311 0555555155
1793 4231 1917 4302 attinet,
1943 4231 2045 4312 prima

426 4341 521 4414 atque
534 4335 612 4395 5555
625 4333 719 4394 unica
730 4331 805 4393 fides
822 4331 863 4392 ab
876 4350 912 4392 eo
926 4330 1027 4391 555155
1041 4328 1176 4419 5555555
1189 4333 1238 4388 est
1252 4325 1308 4407 qui
1321 4324 1428 4386 littera

507 4427 537 4486 A
578 4426 748 4506 insignitus
761 4432 818 4496 est,
837 4425 895 4486 55.
911 4423 1054 4485 Parisino
1070 4419 1158 4490 7561,
1174 4418 1296 4481 saeculo
1312 4419 1344 4480 X
1360 4423 1491 4480 exarato.

507 4520 615 4580 Huius
629 4518 742 4580 codicis
757 4517 901 4579 lectiones
916 4516 976 4596 ipsi
989 4515 1090 4576 denuo
1104 4514 1295 4575 excussimus
1311 4509 1411 4591 deque
1424 4530 1486 4572 non
1500 4510 1595 4572 551115
1610 4509 1683 4572 15515
1698 4509 1889 4573 accuratiore
1901 4511 1935 4572 in
1948 4510 2043 4573 edno-

426 4614 545 4674 tetione
569 4611 677 4673 critice
700 4609 872 4672 attulimus
910 4627 988 4688 quae
1010 4627 1049 4669 55
1071 4607 1193 4686 longior
1217 4607 1313 4676 tieret,
1333 4603 1414 4665 illud
1435 4604 1670 4666 obsenrauimus
1690 4608 1736 4674 ut,
1751 4603 1850 4664 sicubi
1871 4602 1990 4684 aliquid
2011 4603 2044 4664 in

428 4704 571 4765 Parisino
586 4723 606 4764 5
620 4703 724 4783 55155
737 4720 831 4762 manu
845 4700 1094 4781 praetermissum
1116 4717 1216 4778 nsque
1233 4698 1321 4760 aliud
1336 4698 1504 4778 quicquam
1525 4699 1650 4778 insuper
1670 4702 1831 4778 peccatum
1852 4702 1942 4768 esset,
1956 4696 2043 4759 incli-

428 4797 511 4857 natis
538 4795 618 4857 illud
647 4795 763 4856 litteris
791 4794 823 4853 in
847 4798 992 4853 contextu
1020 4792 1254 4869 significaretur.
1291 4791 1350 4852 hoc
1376 4790 1475 4868 igitur
1502 4791 1556 4871 qui
1585 4789 1720 4853 tenuerit
1747 4795 1779 4851 et
1806 4809 1885 4870 5555
1907 4791 1940 4850 15
1968 4791 2045 4870 15515

428 4888 586 4949 adnotatis
610 4891 849 4949 commemorata
870 4890 953 4955 sunt,
965 4884 1093 4946 babebit
1114 4884 1173 4945 sibi
1195 4883 1308 4945 codicis
1327 4883 1509 4944 memorium
1528 4890 1688 4964 tamquam
1702 4884 1743 4947 55
1757 4883 1906 4945 amussim
1923 4902 2043 4964 reprae-

430 4987 593 5042 sentetam.

512 5075 641 5135 Praeter
660 5072 839 5135 Parisinum
852 5071 1008 5134 555151555
1023 5090 1147 5152 555555
1166 5071 1369 5133 adhibuimus
1388 5071 1524 5133 codicem
1535 5072 1569 5131 in
1583 5091 1645 5152 quo
1658 5071 1744 5132 illius
1757 5089 1875 5133 errores
1887 5091 1951 5132 non
1962 5069 2042 5130 nulli

431 5164 549 5225 sublati
574 5167 651 5239 sint;
673 5166 944 5227 Vindobonensem
968 5165 1036 5225 dioo
1062 5164 1139 5225 3261
1167 5165 1289 5226 saeculo
1311 5165 1391 5224 XVI
1414 5170 1582 5226 exaratum.
1611 5163 1694 5224 hunc
1713 5183 1733 5223 a
1756 5163 1945 5224 Baehrensio
1967 5162 2043 5223 olim

430 5261 536 5321 littera
553 5260 777 5338 Oinsignitum
791 5278 857 5328 nos,
871 5259 949 5318 duce
962 5257 1099 5319 Henrico
1114 5257 1259 5328 Schenkl,
1271 5258 1325 5338 qui
1340 5263 1372 5318 et
1387 5257 1496 5319 dehac
1510 5275 1543 5317 55
1557 5262 1588 5318 55
1601 5257 1639 5316 55
1652 5255 1722 5316 51115
1733 5274 1813 5336 quae
1826 5254 1868 5317 55
1882 5255 2042 5316 (15555155

430 5359 463 5414 55
475 5353 700 5413 Nemesianum
715 5356 855 5431 spectant
867 5349 1008 5431 pluribus
1022 5352 1110 5411 docte
1123 5349 1308 5492 utilitepque
1322 5348 1470 5410 disseruit
1482 5349 1540 5424 (Zu
1552 5348 1694 5409 Grattius
1708 5347 1774 5408 und
1788 5345 1924 5409 5555555
1932 5346 2041 5410 155515-
