4967 6309
432 299 484 354 rut
726 311 730 317 '
857 302 913 356 An
928 303 1137 358 LECTOREM
1150 304 1261 358 BENE
1265 305 1398 358 VOLl'M
1410 305 1631 359 PRAEFATIO

514 466 776 529 Ivvuuuuuu
790 471 943 531 recensuit
956 470 1133 530 Anrsmvs
1146 469 1185 529 11.
1200 469 1375 540 Ηοιιιιιιι,
1390 471 1449 531 hac
1462 490 1533 532 cum
1547 472 1737 551 praefatione
1750 472 1921 532 dimissum

516 561 605 622 ‘Duo
624 568 707 632 sunt,
722 583 801 643 quae
815 583 884 624 eum
898 564 939 625 ad
951 562 1134 624 quenalem
1149 563 1387 643 perpetiendum
1401 569 1524 642 praeter
1537 571 1637 625 cetera
1650 563 1817 625 desiderari
1831 564 1906 624 mihi
1921 564 2048 624 uidean-

434 661 496 722 tur,
510 652 569 714 hac
588 662 766 717 saturarum
783 655 917 718 editione
937 660 1094 737 praestare
1112 655 1212 716 uolui:
1233 657 1372 736 primum
1391 663 1564 716 etcertum
1585 663 1704 717 constet
1722 657 1798 736 quid
1816 656 1849 716 in
1870 656 2049 716 melioribus

434 746 603 816 codicibus,
617 768 680 808 non
700 749 735 808 in
755 769 818 809 uno
838 755 963 808 tantum
982 747 1122 809 omnium
1142 748 1272 827 optimo,
1288 750 1440 828 scripturn
1457 747 1592 825 legatur;
1613 748 1723 809 deinde
1737 755 1774 808 ut
1786 748 1936 808 librorum
1951 748 2050 826 pretia

433 838 597 917 eliquanto
615 841 761 919 aequiore
781 843 983 901 aestimentur
996 860 1091 920 quam
1112 841 1215 901 adhuc
1233 841 1354 902 fectum
1373 849 1422 902 est
1436 841 1557 902 iudicio.
1593 863 1723 921 quorum
1740 843 1766 901 si
1779 843 1867 921 prius
1881 842 1958 902 illud
1973 841 2050 902 satis

433 931 594 1010 prouisum
611 935 679 1001 erit,
694 934 752 994 hoc
765 933 895 994 alterum
912 951 974 993 non
988 933 1081 993 nimis
1095 953 1195 1011 aegre,
1209 934 1257 994 uti
1271 953 1370 1013 spero,
1384 935 1545 995 efficietur:
1568 954 1650 996 nunc
1663 935 1749 996 nullo
1763 935 1854 996 modo
1868 934 1932 994 fieri
1948 940 2051 1013 potest

433 1030 471 1082 ιιι
492 1032 573 1084 recte
594 1025 765 1086 iudicemus
779 1025 818 1084 de
832 1025 987 1085 codicibus
1000 1027 1055 1104 qui
1069 1025 1147 1105 quid
1164 1024 1311 1087 adferant
1331 1027 1501 1088 testimonii
1520 1027 1663 1087 nescitur.
1697 1028 1802 1106 itaque
1822 1036 1859 1086 ut
1877 1027 2047 1106 plurimum

433 1117 555 1195 profuit
568 1117 711 1178 quenali
725 1117 849 1177 Pitheci
862 1116 942 1177 liber
954 1119 1115 1196 sexaginta
1127 1118 1242 1180 abhinc
1255 1139 1354 1180 annos
1367 1120 1471 1180 denuo
1489 1120 1646 1190 inuentus,
1661 1119 1704 1180 sic
1717 1119 1745 1180 ei
1760 1121 1812 1180 uir
1827 1120 1932 1180 minus
1945 1119 2051 1179 nocuit

433 1209 619 1269 immodicus
634 1210 686 1270 ille
700 1209 814 1270 codicis
827 1209 1031 1288 quantumuis
1045 1211 1160 1289 egregii
1173 1231 1271 1280 amor,
1286 1211 1376 1272 cuius
1391 1231 1500 1273 causae
1515 1229 1627 1288 magns.
1639 1230 1675 1272 ex
1687 1218 1775 1292 parte
1788 1212 1906 1291 positae
1926 1217 2000 1270 sunt
2017 1212 2048 1269 in

434 1308 609 1362 ceterorum
624 1302 826 1380 ignoratione
1578 1373 1582 1380 ¹
1936 1354 1940 1363 .

517 1393 678 1454 quenalis
692 1393 841 1455 librorum
855 1393 939 1455 Mes
952 1394 1062 1474 ingens
1075 1402 1162 1459 extat
1174 1416 1333 1467 numerus,
1348 1418 1481 1478 quorum
1498 1397 1588 1475 longe
1602 1397 1737 1476 optimus
1750 1402 1843 1458 estet
1857 1396 1941 1458 solus
1956 1397 2048 1455 iuter·

434 1485 601 1566 potationis
616 1505 695 1566 quae
709 1493 824 1548 ceteros
837 1485 1016 1566 inquinauit
1030 1508 1138 1569 expers

518 1637 546 1696 P
586 1637 788 1708 Pithocanus,
802 1657 885 1698 nuuc
898 1637 1195 1720 Montepessulanus
1209 1641 1269 1702 125
1286 1641 1489 1703 bibliothecae
1504 1641 1648 1712 medicae,
1660 1663 1735 1704 saec.
1751 1643 1801 1703 IX
1813 1649 1943 1703 exeunte
1958 1640 2008 1700 uel
2020 1640 2050 1699 X

598 1731 726 1792 ineunte
749 1732 892 1811 scriptus.
926 1732 1100 1793 conlatione
1122 1754 1199 1795 usus
1222 1755 1293 1794 sum
1317 1755 1410 1815 quatu
1436 1735 1616 1796 Franciscue
1639 1735 1845 1796 Buechelerus
1867 1753 1948 1794 anno
1971 1733 2050 1793 1893

599 1823 700 1884 textui
714 1843 734 1884 a
747 1843 780 1884 se
788 1825 947 1902 recognito
961 1826 1101 1886 subiecit.

597 1915 682 1976 hunc
702 1917 818 1977 librum
838 1917 955 1996 passim
976 1919 1113 1980 nadendo
1133 1925 1166 1982 et
1185 1920 1369 2000 corrigendo
1386 1920 1426 1979 ad
1447 1919 1626 1998 uulgarium
1645 1918 1783 1980 codicum
1805 1919 1934 1978 formum
1956 1918 2049 1976 iuter·

599 2009 720 2088 polauit

517 2121 538 2181 p
578 2101 679 2162 altera
691 2122 804 2163 manus
819 2102 899 2180 (siue
912 2121 966 2164 eae
980 2103 1084 2182 plures
1098 2104 1255 2181 fuerunt),
1270 2105 1359 2167 cuius
1376 2125 1434 2184 ego
1453 2105 1606 2174 lectiones,
1621 2105 1703 2166 sicut
1720 2111 1794 2165 ante
1808 2124 1858 2165 me
1871 2104 1947 2166 Otto
1960 2103 2050 2173 Iahn,

597 2195 644 2255 itu
654 2201 779 2254 tantum
793 2195 934 2274 adposui,
947 2203 984 2255 ut
998 2204 1162 2266 constaret,
1177 2199 1255 2277 quid
1270 2198 1343 2259 olim
1358 2218 1419 2259 non
1437 2200 1585 2278 scriptum
1600 2203 1681 2260 esset
1695 2199 1727 2258 in
1741 2199 1777 2258 P.

599 2306 669 2347 curn
685 2288 881 2348 Partissirno
895 2289 1087 2365 cognationis
1103 2290 1227 2350 uinculo
1241 2293 1442 2352 continentur

516 2378 572 2440 Ar.
615 2381 717 2441 scidae
730 2382 868 2459 quinque
881 2381 1068 2441 Arcuienses
1087 2402 1164 2442 saec.
1178 2383 1209 2442 X
1223 2383 1274 2443 uel
1287 2384 1336 2443 XI
1351 2384 1551 2462 conscriptae,
1566 2403 1674 2444 uersus
1688 2381 1724 2443 11
1740 2380 1882 2448 148-155.
1897 2380 1951 2441 111
1965 2380 2049 2448 6-13,

599 2473 703 2542 35-92,
718 2473 766 2532 VI
782 2472 924 2541 136-193,
945 2474 1090 2543 usu-368,
1110 2474 1257 2545 427484,
1278 2473 1474 2535 v1157-172
1496 2476 1693 2544 continentes,
1709 2495 1787 2555 ques
1807 2493 1889 2534 anuo
1912 2473 1991 2533 1880
2009 2471 2050 2531 ad

599 2565 761 2625 hominum
776 2566 921 2626 notitiam
936 2567 1089 2645 protraxit
1100 2566 1143 2627 Η.
1157 2567 1254 2637 Wirz,
1268 2568 1377 2628 Herm.
1392 2567 1452 2628 uol.
1468 2568 1529 2627 XV
1545 2588 1594 2647 pp.
1610 2568 1754 2640 4374183

518 2656 584 2719 flor.
601 2658 693 2735 Sang.
736 2657 922 2735 florilegium
944 2659 976 2718 in
997 2657 1100 2720 codice
1119 2658 1315 2737 sangallensi
1337 2659 1399 2739 870
1421 2679 1496 2721 saec.
1522 2661 1570 2719 IX
1596 2661 1708 2738 scripto
1732 2667 1848 2728 extans,
1871 2657 1959 2719 cuius
1980 2677 2050 2717 con·

600 2749 747 2811 lationem
761 2770 843 2810 anno
858 2750 937 2811 1885
951 2750 1051 2811 edidit
1064 2750 1099 2812 0.
1115 2752 1265 2832 Stephan,
1279 2771 1360 2812 mus.
1376 2750 1476 2812 Rhen.
1492 2752 1553 2812 uel.
1567 2753 1625 2811 XL
1637 2772 1687 2830 pp.
1704 2753 1763 2811 263
1775 2752 1849 2823 282,

518 2841 541 2902 S
581 2842 729 2903 lemmata
753 2841 938 2903 scholiorum
961 2842 994 2902 in
1018 2843 1128 2905 eodem
1151 2843 1254 2905 codice
1280 2843 1475 2923 Sangallensi
1500 2850 1532 2905 et
1556 2845 1589 2903 in
1614 2845 1711 2924 ipsius
1734 2844 1761 2904 P
1784 2843 1922 2921 margine
1944 2861 2049 2902 serus·

601 2941 714 2996 torum.

601 3027 737 3088 medium
751 3027 907 3107 quendam
920 3026 1023 3088 locum
1037 3028 1120 3089 inter
1133 3028 1161 3088 P
1175 3035 1208 3090 et
1220 3028 1318 3089 libros
1330 3028 1534 3108 interpolatos
1547 3035 1632 3088 tenet

518 3117 614 3180 Vind.
657 3118 906 3181 vindobonensis
921 3117 980 3180 107
994 3121 1060 3182 siue
1074 3120 1159 3190 CXI,
1174 3142 1250 3182 saec
1267 3121 1316 3182 1x
1331 3131 1368 3182 ut
1388 3122 1515 3182 uidetur
1536 3122 1676 3202 scriptus,
1691 3139 1800 3180 uersus
1814 3117 2003 3180 eontinensI
2018 3115 2049 3178 1·

600 3211 636 3271 11
661 3213 711 3282 59,
734 3213 772 3273 ΙΙ
797 3211 901 3272 107·v
923 3213 971 3281 96,
994 3232 1087 3292 quem
1112 3214 1246 3275 contulit
1265 3214 1304 3274 A.
1327 3214 1445 3276 Goebel
1465 3215 1496 3273 in
1521 3221 1578 3276 aet.
1604 3213 1662 3273 litt.
1689 3212 1781 3273 Vind.
1803 3213 1878 3274 anni
1899 3211 1977 3270 1859
1997 3227 2049 3290 pp.

517 3475 567 3536 Ex
593 3494 706 3553 magno
731 3475 906 3552 uenenum
931 3474 1069 3535 codicum
1095 3492 1226 3535 numero
1252 3460 1370 3554 septem
1395 3472 1483 3552 elegi,
1506 3492 1584 3552 quos
1608 3470 1745 3552 reliquis,
1769 3490 1901 3552 quorum
1925 3470 2051 3551 quidem

436 3567 544 3648 aliqua
556 3569 599 3630 ad
613 3588 662 3628 me
675 3569 851 3646 peruenerit
865 3568 986 3635 notitia,
1002 3566 1144 3628 meliores
1158 3567 1271 3628 iudico.

512 3727 562 3790 A,
590 3724 809 3787 Monacensem
829 3722 890 3791 408
911 3722 1116 3784 bibliothecae
1136 3720 1263 3792 aulicae,
1284 3721 1396 3782 saeculi
1417 3720 1473 3780 XI.
1512 3719 1641 3781 contulit
1661 3717 1694 3780 0.
1709 3719 1826 3779 Hosius
1847 3717 1879 3778 in
1900 3723 2051 3798 apparatu

508 3816 514 3822 ’
601 3816 707 3879 critico
720 3817 760 3878 sd
775 3812 959 3877 quenalem
970 3834 1052 3875 anno
1068 3813 1148 3874 1888
1162 3814 1256 3874 edito.

520 3908 547 3969 F
591 3910 757 3988 (Iahniis)
775 3909 982 3970 Parisiensem
1003 3905 1094 3975 8071,
1109 3926 1186 3967 saec.
1201 3906 1241 3974 X,
1256 3905 1311 3984 qui
1330 3924 1440 3967 uersus
1454 3905 1471 3965 1
1487 3905 1572 3964 1-111
1590 3905 1649 3966 316
1670 3910 1702 3964 et
1721 3903 1770 3964 IX
1790 3902 1905 3962 40150
1923 3903 2050 3962 omittit.

600 4003 695 4063 huius
707 4002 854 4063 lectiones
868 4000 942 4061 locis
956 4020 976 4060 a
994 4019 1043 4060 me
1061 3999 1206 4059 indicatis
1225 3999 1368 4059 enotauit
1382 3997 1415 4060 0.
1433 3998 1590 4068 Samaran,
1605 4015 1717 4077 paucas
1738 4001 1847 4076 postea
1859 3995 1894 4055 1.
1910 3994 2050 4056 Braudin

602 4094 730 4172 conlega
742 4093 957 4154 amicissimus.

520 4186 551 4248 G
594 4186 713 4264 (Iahnii
734 4186 765 4266 9)
792 4185 996 4247 Parisiensem
1022 4182 1126 4253 7900,
1148 4202 1225 4246 saec.
1247 4183 1287 4254 X,
1310 4184 1397 4245 cuius
1418 4182 1563 4244 lectiones
1584 4181 1692 4243 itidem
1712 4181 1753 4241 ab
1773 4181 1887 4242 eisdem
1909 4185 2051 4242 enotatas

520 4372 549 4432 1.
588 4371 771 4433 Leidensem
786 4373 826 4434 82
840 4371 1044 4433 bibliothecae
1058 4368 1209 4450 publicae,
1224 4389 1302 4431 saec
1319 4370 1376 4438 XI,
1391 4371 1432 4430 ab
1446 4369 1545 4430 Hosio
1558 4367 1723 4430 conlatum.

520 4463 549 4526 Ο
589 4463 832 4526 Canonicianum
851 4463 937 4524 class.
952 4463 1020 4524 Iret
1035 4462 1074 4522 41
1096 4461 1303 4522 bibliothecae
1322 4462 1510 4523 Bodleianae
1529 4461 1612 4543 apud
1630 4461 1826 4528 Oxonienses,
1841 4477 1917 4519 saec.
1938 4457 2049 4526 X1,ex

472 4586 476 4594 ’
601 4577 665 4638 quo
688 4576 799 4619 uersus
820 4556 953 4634 triginta
975 4573 1028 4616 sex
1051 4555 1085 4615 in
1107 4553 1195 4614 nullo
1219 4554 1282 4615 alio
1308 4555 1411 4615 codice
1436 4562 1574 4615 seruatos
1596 4574 1678 4615 anno
1701 4552 1780 4614 1899
1801 4549 1933 4631 protulit
1954 4550 1989 4610 Ε.
2012 4548 2048 4611 Ο.

603 4649 772 4712 Winstedt.
798 4649 865 4730 ipse
878 4648 992 4708 librum
1005 4646 1133 4727 inspexi,
1147 4666 1211 4707 non
1225 4646 1314 4708 nulla
1334 4653 1443 4726 postea
1462 4646 1501 4708 de
1522 4667 1557 4708 eo
1579 4645 1699 4708 rettulit
1720 4645 1754 4706 Τ.
1770 4643 1804 4706 0.
1821 4642 1910 4704 Snow
1932 4643 2049 4703 amicus

604 4749 636 4804 et
649 4743 807 4823 quondam
820 4747 1006 4822 praeceptor.

523 4835 550 4895 'l'
592 4834 629 4905 Ο,
645 4837 684 4906 iv,
700 4834 740 4895 10
753 4833 955 4896 bibliothecae
968 4833 1100 4912 conlegii
1114 4833 1279 4894 Trinitatis
1293 4833 1378 4913 apud
1392 4831 1671 4910 Cantabrigienses,
1684 4847 1759 4890 saec.
1774 4827 1813 4888 X
1842 4827 1907 4907 ipse
1921 4827 2049 4906 inspexi,

605 4934 713 5008 postes
725 4927 846 5007 aliquot
859 4924 1003 4988 lectiones
1016 4924 1164 4987 beneuole
1177 4932 1344 4986 enotarunt
1358 4945 1377 4985 a
1391 4944 1440 4984 me
1454 4924 1553 5003 rogati
1568 4922 1594 4984 Ι.
1608 4924 1644 4984 P.
1660 4923 1809 5000 Postgate
1822 4925 1854 4981 et
1867 4921 1894 4981 1.
1908 4921 1948 4980 D.
1962 4919 2050 4989 Duff,

606 5023 661 5102 qui
675 5021 768 5083 etism
783 5041 862 5100 quae
874 5021 940 5102 ipse
953 5020 1027 5081 olim
1041 5039 1058 5080 e
1072 5019 1175 5080 codice
1188 5024 1381 5098 excerpserat
1395 5017 1472 5078 mihi
1487 5016 1603 5078 utenda
1617 5015 1776 5077 concessit.

517 5097 555 5177 'u
598 5114 717 5190 (anm
735 5115 768 5193 ι)
784 5114 919 5174 vesona
938 5111 996 5174 eor
1016 5112 1219 5174 araneam
1232 5111 1411 5178 varianae,
1431 5130 1507 5170 sac.
1524 5110 1582 5180 ιιι,
1596 5111 1628 5169 in
1648 5128 1709 5187 quo
1728 5127 1836 5168 uersus
1849 5105 1896 5166 vr
1916 5103 2051 5165 aeus

606 5206 831 5267 desiderantur.
858 5204 1003 5267 lectiones
1020 5204 1095 5266 locis
1113 5223 1134 5264 a
1151 5223 1202 5264 me
1219 5203 1366 5263 indicatis
1380 5203 1520 5263 enotnuit
1534 5203 1569 5262 11.
1585 5203 1621 5264 0.
1637 5201 1804 5270 Winstedt,
1818 5219 1931 5280 pauca
1943 5203 2053 5279 postea

606 5299 646 5362 G.
661 5297 822 5368 Perinelle,
838 5299 925 5359 cuius
938 5298 1132 5361 uoluntatem
1146 5316 1209 5357 non
1222 5315 1306 5356 nunc
1318 5296 1456 5377 primum
1471 5303 1614 5379 expertus
1628 5315 1704 5357 sum.
