4967 6309
871 363 929 418 AD
944 361 1153 417 LECTOREM
1167 361 1412 418 BENEVOLVM
1425 363 1578 418 Pressa
1584 361 1647 417 Tro
2032 357 2072 412 vu

454 521 532 600 tomi
551 535 789 616 amplitudinem
809 531 942 612 proferri
960 535 1079 589 utnon
1099 528 1200 588 solum
1217 527 1393 589 Ausonium
1407 529 1677 611 Claudianumque
1697 537 1730 594 et
1747 532 1825 594 alios
1838 551 1917 612 quos
1935 549 2071 612 paganos

455 637 568 691 uocant
595 626 816 707 complectatur
843 623 898 684 sed
923 621 1121 684 Christianos
1144 639 1268 700 quoque
1291 622 1346 700 qui
1373 623 1509 684 eiusdem
1535 624 1600 685 sint
1622 626 1744 692 aetatis.
1769 624 1979 685 Prudentium
2002 623 2071 683 dico

455 728 629 801 ceterosque
649 737 726 798 quos
744 718 785 778 ab
802 714 980 794 aequalium
1000 733 1128 773 suorum
1148 713 1293 774 societate
1312 732 1482 792 segregare,
1497 733 1533 776 ea
1546 735 1610 776 una
1627 716 1667 776 de
1687 735 1782 777 causa
1795 716 1880 795 quod
1893 715 1957 774 alia
1969 715 2009 775 de
2023 715 2071 774 dis

455 813 614 881 sentirent,
635 812 747 871 horum
772 807 965 868 saeculorum
989 824 1085 884 quam
1109 806 1227 865 iactant
1251 805 1440 867 humanitati
1465 809 1518 869 uix
1542 809 1619 869 satis
1644 809 1772 870 uidetur
1795 807 2068 870 accommodatum.

455 924 619 985 quaecum
632 904 679 964 ita
690 907 804 968 essent,
815 899 927 961 melius
940 898 1045 959 uisum
1060 905 1108 958 est
1121 897 1160 959 de
1173 899 1342 979 appendice
1352 899 1408 959 illa
1418 897 1498 959 nihil
1507 899 1540 958 in
1553 899 1797 978 praesentiarum
1810 899 1925 960 diserte
1934 895 2070 978 polliceri

456 999 510 1058 sed
523 1016 629 1058 eorum
642 996 782 1056 uirorum
797 993 852 1074 qui
865 993 989 1070 incepto
1004 999 1112 1052 nostro
1125 993 1237 1053 fauent
1250 992 1466 1072 fauebuntque
1479 991 1643 1053 consilium
1658 1011 1694 1053 ac
1708 991 1860 1053 iudicium
1875 997 2043 1069 expectare.

535 1089 565 1150 N
566 1108 625 1150 unc
638 1108 712 1149 uero
725 1093 763 1147 ut
775 1086 839 1146 iam
854 1084 940 1163 quod
953 1084 1053 1144 instat
1065 1092 1179 1162 agatur
1192 1085 1226 1143 in
1239 1084 1301 1145 illis
1315 1085 1416 1146 tribus
1431 1085 1632 1164 scriptoribus
1642 1084 1790 1146 Martiale
1800 1082 1950 1144 quenale
1960 1082 2070 1142 Neme-

455 1184 541 1243 siano
553 1179 745 1243 recensendis
760 1197 837 1259 quas
851 1177 950 1238 secuti
965 1184 1041 1236 sunt
1054 1176 1191 1238 rationes
1205 1177 1255 1237 sui
1270 1178 1421 1258 cuiusque
1433 1177 1567 1240 editores
1580 1178 1641 1259 ipsi
1654 1177 1714 1238 tibi
1728 1177 1929 1239 enarrabunt

535 1334 798 1399 muman
812 1336 993 1414 recognocit
1007 1335 1148 1398 Incorrs
1161 1337 1200 1397 D.
1215 1337 1309 1398 Dvrr
1322 1337 1378 1419 qui
1392 1338 1431 1399 de
1444 1339 1525 1399 curis
1538 1337 1602 1398 suis
1617 1336 1692 1398 baec
1707 1335 1809 1398 uoluit
1822 1333 2025 1416 praemonita.

535 1430 710 1492 ‘Martialis
723 1428 864 1491 codicum
878 1437 944 1490 tres
958 1434 1033 1489 sunt
1046 1428 1195 1498 familiae,
1210 1449 1343 1509 quarum
1357 1431 1459 1510 prima
1472 1429 1609 1492 continet

533 1561 566 1620 H
582 1589 607 1610 =
622 1558 754 1639 Hauptii
767 1558 955 1636 florilegium
969 1557 1211 1619 Vindoboncnse
1224 1557 1313 1636 (277)
1329 1579 1407 1621 saec.
1420 1561 1451 1620 ix

533 1654 564 1714 R
581 1682 606 1704 =
621 1653 808 1713 Vossianum
823 1650 1010 1729 florilegium
1026 1651 1177 1713 Leidense
1194 1651 1238 1728 (Q
1252 1651 1307 1728 86)
1324 1671 1400 1714 saec.
1415 1651 1446 1712 ix

533 1748 560 1806 Τ
580 1775 605 1797 =
621 1745 804 1805 'I'buaneum
819 1743 1006 1822 florilegium
1022 1744 1201 1805 Parisinum
1219 1743 1328 1821 (8071)
1346 1765 1422 1806 saec.
1437 1745 1509 1806 ix·x.

451 1876 485 1937 hi
499 1896 605 1937 omnes
619 1881 760 1956 excerpta
773 1879 898 1935 tantum
912 1874 1063 1954 praebent
1077 1873 1130 1934 sed
1145 1879 1241 1934 testes
1255 1879 1330 1934 sunt
1344 1879 1376 1934 et
1389 1875 1600 1954 antiquissimi
1614 1879 1646 1936 et
1659 1875 1778 1955 optimi.
1807 1874 1883 1936 'l'ex
1898 1872 1931 1934 11
1946 1871 2071 1934 uidetur

452 1989 519 2029 esse
531 1969 703 2049 descriptus
722 1968 776 2029 sed
795 1967 896 2028 multo
909 1966 1007 2066 plura¹
1016 1986 1100 2027 nunc
1114 1966 1210 2027 habet
1223 1965 1273 2026 uel
1287 1967 1512 2047 epigrammata
1525 1966 1575 2027 ucl
1591 1973 1696 2046 partes
1709 1967 1963 2047 epigrammaton.
1999 1983 2069 2026 con·

452 2081 577 2122 sensum
590 2062 616 2120 Τ
629 2070 661 2121 et
675 2061 705 2121 R

441 2217 444 2222 ,
532 2179 550 2214 c
590 2159 668 2214 nota
679 2153 825 2214 indicaui.

454 2245 633 2325 Sequuntur
647 2245 764 2305 oodioes
778 2243 965 2306 recensionis
980 2241 1217 2306 Gennadianae:

532 2387 559 2447 L
575 2416 600 2436 =
614 2387 761 2449 Lucensis
775 2385 980 2446 bibliothecae
994 2385 1119 2464 reginae
1132 2385 1342 2448 Berolinensis
1358 2387 1426 2464 (iol.
1442 2387 1517 2466 612)
1534 2407 1610 2450 saec
1626 2387 1670 2450 xii

532 2481 560 2540 P
575 2509 599 2530 =
615 2479 779 2540 Palatinus
792 2478 964 2539 Vaticanus
981 2477 1092 2555 (1696)
1109 2497 1187 2542 saec.
1200 2498 1239 2540 xv

533 2574 560 2648 Q
578 2601 602 2623 =
618 2572 858 2634 Arondellianus
870 2570 975 2632 Musei
989 2571 1165 2634 Britannici
1181 2569 1270 2651 (186)
1287 2591 1362 2634 saec.
1378 2592 1419 2633 ιι

531 2669 545 2724 t
576 2695 600 2716 =
616 2665 815 2726 Florentinus
829 2663 1031 2724 bibliothecae
1044 2663 1272 2726 Iaurentianac
1289 2667 1379 2742 (xxxv
1395 2665 1448 2743 39)
1466 2683 1541 2726 saec.
1556 2683 1605 2728 xv.

451 2810 483 2869 in
497 2810 546 2870 his
559 2810 702 2870 omnibus
714 2816 879 2870 seruantur
890 2808 1134 2888 subscriptiones
1143 2810 1294 2890 Torquati
1305 2810 1459 2874 Gennadii
1471 2811 1525 2892 qui
1536 2817 1655 2873 textum
1666 2810 1848 2873 emendauit
1858 2829 1885 2872 a
1897 2830 1921 2871 s.
1936 2808 2067 2872 00001.

451 2923 556 2963 carum
573 2903 753 2984 plenissima
770 2901 810 2962 ad
831 2901 884 2962 xiii
897 2901 919 2960 4
932 2901 976 2962 sic
987 2908 1037 2962 est
1050 2902 1219 2985 adscripta:
1241 2921 1413 2964 nuaram
1428 2922 1489 2964 aco
1503 2904 1695 2976 'I'oaqurrs
1708 2903 1906 2966 (inarmis
1926 2920 1962 2961 rs
1984 2919 2068 2961 roso

452 3014 524 3056 nrrr
556 3014 690 3055 avorsrr
724 2994 856 3055 Maarrs
893 3012 1078 3057 coremur
1113 2996 1295 3057 Vrrrcsrrrrr
1330 3015 1369 3057 ar
1403 2997 1579 3057 Fascvrru
1614 3013 1766 3058 vrsoavrr
1801 3010 2068 3058 cmmsruosrrr

454 3106 635 3149 rsnrcrran.
671 3107 854 3150 consensum
868 3087 981 3149 borum
996 3087 1137 3151 wdicum

529 3183 553 3258 β
592 3190 667 3243 nota
681 3183 828 3244 indicaui.

452 3275 556 3336 Tertio
567 3276 635 3336 loco
647 3275 831 3336 nominandi
845 3281 920 3336 sunt

532 3405 559 3464 Ε
579 3433 602 3454 =
619 3405 865 3484 Edinburgensis
879 3404 1087 3466 bibliothecae
1101 3404 1273 3466 Facultatis
1287 3403 1518 3468 Aduocatornni
1536 3425 1611 3468 saec
1625 3425 1645 3467 x

531 3497 562 3556 X
578 3525 602 3546 ·-
619 3497 777 3557 Puteanus
792 3497 953 3559 Parisinus
971 3495 1080 3576 (8067)
1098 3516 1210 3559 saecx

532 3590 561 3648 A
580 3618 604 3638 =
619 3589 790 3650 Vossianus
804 3590 964 3650 Iaeidensis
975 3589 1098 3670 primus
1114 3590 1156 3665 (Q
1172 3589 1225 3667 56)
1243 3609 1317 3654 saca
1334 3591 1366 3652 xi

532 3682 562 3741 V
580 3712 604 3733 =
620 3682 790 3744 Vaticanus
808 3684 917 3761 (3294)
935 3703 1004 3744 saec
1027 3703 1057 3753 ι,

452 3825 508 3903 qui
535 3826 617 3885 inter
643 3824 795 3905 plurimos
817 3825 911 3885 huius
935 3826 1046 3886 tertiae
1069 3825 1206 3887 familiae
1229 3825 1347 3888 codices
1375 3826 1484 3909 optimi
1513 3825 1669 3890 uidentur.
1709 3843 1894 3889 consensum
1920 3829 2070 3907 quattuor

452 3918 590 3978 codicum

534 4036 554 4085 γ
596 4018 669 4072 nota
682 4011 825 4072 indicaui.

453 4102 600 4164 Eiusdem
615 4105 752 4164 familiae
767 4104 861 4165 semel
874 4110 970 4184 atque
985 4105 1100 4166 iterum
1115 4107 1252 4169 citantur

534 4234 562 4293 B
579 4262 604 4283 =
620 4233 791 4295 Vossianus
805 4235 966 4295 Leidensis
981 4236 1136 4296 secundus
1152 4237 1196 4313 (Q
1211 4237 1284 4316 121)
1301 4259 1376 4301 saec.
1392 4239 1433 4300 xii

534 4327 558 4386 0
577 4355 601 4375 =
618 4328 788 4387 Vossianus
803 4327 965 4387 leidensis
979 4327 1093 4388 tertius
1109 4328 1150 4405 (F
1164 4328 1219 4400 89)
1236 4350 1312 4391 saec.
1328 4331 1380 4392 xir

534 4419 563 4478 0
579 4446 604 4468 =
621 4419 786 4480 Gudianus
800 4418 1115 4480 Wolfenbuttelensis
1131 4421 1220 4499 (157)
1237 4443 1313 4485 saec.
1330 4423 1379 4484 xii

453 4547 596 4628 Denique

534 4668 552 4702 ς
591 4649 666 4704 nota
685 4663 736 4705 eos
757 4645 893 4706 recentes
914 4643 1033 4706 codices
1054 4644 1192 4709 indicaui
1205 4649 1269 4729 qui,
1284 4670 1475 4730 quamquam
1489 4648 1608 4710 nullam
1629 4668 1666 4710 ex
1687 4647 1826 4731 antiquis
1840 4647 2069 4710 recessionibus

455 4744 636 4816 sequuntur,
650 4756 740 4798 ueras
754 4747 860 4798 tamen
875 4757 966 4818 saepe
979 4739 1128 4818 praebent
1141 4741 1297 4814 lectiones,
1313 4764 1419 4806 ornnes
1432 4764 1469 4807 ex
1481 4743 1662 4810 coniectura,
1677 4747 1716 4802 ut
1729 4739 1865 4810 uidetur,
1880 4747 1979 4802 natas.

534 4830 671 4890 Multum
687 4832 718 4890 in
734 4838 800 4891 toto
814 4832 871 4892 hoc
886 4851 976 4911 opere
991 4833 1088 4894 debeo
1102 4835 1170 4895 uiro
1189 4837 1283 4897 huius
1302 4839 1346 4898 rei
1364 4837 1550 4919 peritissimo
1563 4833 1703 4895 wallace
1716 4833 1762 4896 M.
1777 4833 1914 4914 Lindsay
1930 4833 1984 4913 qui
1998 4851 2068 4893 cum

455 4925 486 4982 in
508 4923 641 4985 editione
660 4945 716 4985 sua
735 4925 901 4986 Oxoniensi
920 4925 1030 5003 (1902)
1047 4926 1171 5006 plenam
1192 4936 1224 4991 et
1244 4940 1420 4993 accuratam
1438 4931 1577 4994 codicum
1596 4928 1741 4989 notitiam
1755 4929 1876 5009 primus
1891 4927 1986 4994 dedit,
2001 4930 2069 4986 tum

455 5035 504 5075 me
522 5017 559 5076 de
580 5017 736 5078 nonnullis
756 5020 849 5078 rebus
871 5038 925 5098 per
947 5018 1100 5097 epistulas
1119 5022 1279 5084 certiorem
1301 5025 1384 5086 iecit.
1419 5022 1619 5086 inuenientur
1641 5020 1692 5081 uel
1711 5020 1745 5081 in
1765 5027 1855 5082 textu
1875 5020 1926 5080 nel
1940 5019 1972 5079 in
1986 5017 2069 5078 notis

454 5128 553 5170 nouae
566 5110 685 5190 aliquot
699 5112 928 5173 emendationes
942 5111 1075 5173 Aluredi
1089 5114 1125 5176 E.
1141 5115 1306 5178 Housman
1320 5138 1397 5198 quas
1411 5118 1463 5179 ille
1476 5138 1597 5181 mecum
1613 5117 1745 5195 benigne
1759 5111 2019 5174 cammunicauit!

535 5276 688 5339 Martialis
713 5283 868 5342 aridarum
892 5282 994 5361 prima
1017 5281 1124 5344 solidis
1147 5305 1225 5365 quos
1250 5301 1360 5348 vocant
1383 5288 1465 5367 typis
1487 5285 1664 5346 excudenda
1685 5279 1858 5362 typothetis
1879 5287 1927 5340 est
1948 5277 2069 5339 reddita

454 5387 483 5429 a
498 5368 527 5430 d
542 5370 603 5429 XV
617 5372 687 5433 Kal.
703 5374 775 5433 Dec.
794 5374 883 5442 1904,
899 5372 1013 5433 ultima
1027 5393 1054 5433 a.
1071 5377 1100 5436 d.
1115 5377 1165 5438 IX
1178 5380 1248 5440 Kal.
1265 5381 1335 5440 Iun
1354 5379 1440 5440 1905.
