4967 6309
769 1223 1182 1334 IOHANNES
1232 1226 1285 1332 Ρ.
1343 1226 1763 1336 POSTGATE

908 1460 1208 1584 LECTORI
1249 1464 1625 1575 BENEVOLO

1087 1703 1439 1812 SALVTEM

461 1965 734 2186 Oroanna
761 1983 815 2026 ω.
840 1964 974 2026 amsa·
994 1964 1049 2045 qui
1068 1983 1131 2026 non
1151 1965 1184 2027 in
1205 1968 1302 2028 sane
1323 1969 1458 2048 quaram
1479 1987 1512 2032 a
1532 1973 1621 2052 qum
1643 1949 2071 2052 tastamentum

589 2058 644 2119 sed
658 2059 692 2118 in
706 2057 792 2118 molli
811 2062 843 2118 et
859 2077 931 2118 cum
950 2077 1026 2118 aeuo
1045 2064 1077 2118 et
1097 2058 1165 2138 ipsa
1185 2059 1321 2138 quodam
1336 2063 1429 2122 modo
1443 2061 1564 2133 fluenti,
1580 2084 1642 2125 non
1656 2064 1756 2126 solum
1771 2085 1809 2127 ne
1822 2066 1965 2127 desemnt
1978 2084 2070 2124 suum

588 2168 668 2231 opus
682 2151 788 2211 uidere
803 2149 965 2210 sedetiam
982 2169 1022 2211 ne
1040 2150 1101 2230 ipsi
1119 2150 1160 2210 ab
1178 2170 1214 2212 eo
1232 2151 1402 2232 aliquando
1422 2153 1615 2218 deserantur.
1646 2157 1729 2236 quod
1750 2157 1782 2218 in
1804 2165 1965 2238 poetarum
1986 2157 2070 2218 Lati·

456 2263 566 2304 norum
588 2241 779 2303 carminibus
799 2241 833 2301 in
847 2259 947 2301 unum
960 2249 1122 2321 tamquam
1136 2261 1247 2322 corpus
1261 2245 1438 2323 redigendis
1457 2267 1565 2308 uereor
1582 2253 1620 2309 ut
1640 2249 1716 2309 satis
1730 2250 1870 2310 cauerint
1882 2250 2006 2330 priores.
2037 2246 2071 2308 bi

456 2337 548 2404 enim,
562 2336 640 2396 dum
654 2334 757 2415 poesis
772 2333 858 2394 illius
872 2333 1019 2413 reliquias
1033 2354 1088 2414 per
1101 2335 1258 2396 saeculum
1279 2356 1419 2417 quasque
1437 2358 1530 2399 suum
1551 2339 1703 2420 indagant
1724 2339 1873 2420 colligunt
1891 2341 2070 2421 disponunt,

456 2449 518 2488 non
534 2428 684 2488 uiderunt
698 2446 730 2487 se
743 2427 956 2488 Romanarum
976 2427 1180 2488 Camenarum
1196 2447 1259 2489 non
1275 2429 1375 2490 solum
1397 2432 1596 2494 iuuentutem
1617 2440 1674 2494 aut
1695 2441 1881 2496 senectutem
1903 2435 1956 2497 sed
1976 2434 2071 2497 etiam

456 2524 556 2600 ipsam
580 2525 713 2580 mortem
735 2519 847 2580 sectari
867 2524 909 2588 et,
927 2519 969 2579 sit
988 2519 1081 2581 modo
1100 2521 1197 2581 uerbo
1215 2523 1317 2591 uenia,
1338 2521 1394 2584 illa
1414 2543 1538 2606 quoque
1559 2546 1638 2606 quac
1660 2533 1875 2606 postmortem
1898 2537 1979 2588 sunt.
2017 2547 2072 2589 nos

456 2634 530 2675 uero
553 2631 614 2672 non
636 2610 787 2672 Weberos
807 2611 1038 2692 Walterosque,
1053 2613 1136 2673 uiros
1156 2613 1401 2688 honestissimos,
1417 2617 1631 2698 improbamus
1646 2619 1673 2680 si
1687 2617 1809 2698 pellecti
1823 2620 2072 2700 aliquacommo·

458 2707 565 2770 ditatis
588 2705 688 2784 specie
715 2703 856 2764 iecerunt
876 2703 956 2763 illud
978 2703 1062 2783 quod
1084 2704 1196 2780 iecere3
1222 2707 1278 2768 sed
1297 2709 1358 2789 ipsi
1378 2709 1543 2771 ueritatem
1567 2712 1778 2792 rationemque
1799 2713 1899 2793 magis
1916 2712 2074 2774 noluimus

457 2803 554 2882 sequi,
570 2798 664 2857 duces
680 2795 765 2856 baud
778 2794 893 2875 paullo,
909 2795 971 2856 nisi
983 2795 1129 2866 fallimur,
1144 2798 1288 2877 potiores

538 2892 579 2952 In
604 2913 666 2972 quo
691 2891 837 2969 primum,
861 2898 900 2952 ut
923 2891 1032 2952 abeis
1055 2888 1180 2950 initium
1202 2892 1259 2952 fiat
1280 2893 1484 2976 scriptoribus
1508 2897 1541 2958 in
1565 2897 1680 2977 quibus
1701 2899 1816 2962 desinit
1837 2899 1894 2960 hoc
1917 2897 2073 2966 uolumen,

457 2987 601 3049 Flauiani
620 2983 667 3043 illi
686 3006 750 3046 non
766 3005 864 3068 parua
879 3003 949 3044 cum
964 2985 1003 3045 de
1018 3003 1050 3044 se
1063 2984 1138 3062 ipsis
1151 2991 1220 3046 tum
1234 2985 1274 3046 de
1287 2988 1491 3066 postfuturis
1509 2989 1693 3052 documenta
1712 2991 1840 3052 dabunt
1876 2990 1969 3052 huius
1989 2993 2072 3051 enim

457 3083 572 3144 saeculi
593 3083 745 3161 poetieam
770 3079 906 3140 indolem
928 3096 984 3138 nec
996 3075 1170 3157 Papiniano
1188 3077 1249 3138 tibi
1262 3079 1404 3149 Thebais,
1419 3082 1549 3143 totidem
1569 3083 1659 3143 annis
1677 3089 1754 3163 quot
1773 3083 1888 3163 scripta
1908 3091 1955 3144 est
1970 3083 2071 3160 (mm

457 3175 524 3234 XII
538 3172 613 3250 811)
630 3175 684 3234 uix
698 3193 733 3233 ac
749 3191 787 3233 ne
804 3173 855 3233 uix
874 3175 998 3255 quidem
1020 3173 1212 3256 perlegenda,
1230 3193 1286 3234 nec
1307 3171 1426 3234 Punica
1446 3174 1575 3245 Siliana,
1590 3175 1676 3236 mille
1696 3176 1759 3237 iam
1777 3175 1929 3237 mortibus
1950 3175 2073 3251 frigida,

458 3290 566 3331 reuera
581 3265 865 3347 repraesentabunt,
887 3270 939 3330 sed
954 3277 1077 3330 satmae
1091 3265 1260 3334 quenalis,
1275 3264 1429 3326 Martialis
1449 3268 1675 3346 epigrammata
1694 3274 1735 3338 et,
1749 3268 1877 3329 tertium
1899 3270 1924 3328 si
1943 3267 2074 3347 quaeris,

458 3361 525 3420 eius
546 3382 638 3441 quem
659 3365 796 3443 primum
822 3361 1049 3442 appellauimus
1064 3359 1175 3421 Siluas.
1207 3357 1258 3419 hic
1272 3357 1390 3420 nullam
1406 3359 1562 3440 epicorum
1577 3359 1785 3430 altitudinem,
1800 3359 1920 3420 nullum
1935 3359 2074 3420 ardorem

458 3452 635 3530 lyricorum,
660 3455 712 3516 bic
740 3455 910 3516 cottidiana
936 3454 1024 3515 uides
1049 3451 1152 3514 omnia
1172 3471 1208 3512 ac
1228 3450 1406 3512 domestica.
1449 3470 1550 3532 neque
1574 3453 1706 3515 absurde
1728 3445 1841 3516 dixeris
1865 3443 2075 3514 Romamrum

460 3546 617 3622 ingenium
632 3548 717 3628 quod
734 3548 847 3609 Graiae
861 3548 962 3628 poesis
977 3547 1079 3608 tenuis
1094 3543 1222 3624 spiritus
1242 3544 1376 3604 sublime
1393 3563 1560 3624 parumper
1578 3545 1747 3615 extulisset,
1762 3546 1920 3608 deficiente
1934 3545 1991 3606 hoo
2005 3564 2075 3606 oum

459 3645 491 3696 et
504 3639 608 3718 ipsum
621 3639 773 3707 deficeret,
786 3659 894 3699 rursus
908 3640 942 3698 in
955 3637 1058 3719 patria
1071 3645 1165 3717 atque
1178 3634 1275 3695 humo
1286 3636 1420 3716 quodam
1433 3636 1524 3697 modo
1535 3638 1680 3718 propiora
1691 3640 1786 3716 (sicut
1794 3638 1964 3699 &menam
1976 3644 2076 3698 totam

460 3748 527 3789 ease
541 3738 679 3791 saturam
700 3731 777 3792 dicit
797 3729 1022 3806 Quintilianus)
1040 3749 1096 3790 sna
1110 3727 1264 3806 grauitate
1277 3727 1446 3790 reccidisse.
1476 3748 1587 3790 uerum
1604 3731 1762 3792 enimuero
1780 3739 1886 3810 poetas
1899 3751 1962 3792 non
1976 3730 2076 3791 solum

461 3821 514 3882 illa
533 3823 667 3902 pristina
680 3824 728 3883 uia
744 3844 780 3884 ao
796 3823 947 3884 scribendi
961 3822 1053 3884 elatio
1068 3821 1122 3881 sed
1136 3821 1229 3882 etiam
1245 3820 1329 3881 modi
1344 3819 1392 3879 sui
1407 3829 1571 3900 coeperant
1586 3821 1762 3884 destituere.
1791 3843 1863 3883 nam
1877 3825 2075 3903 antiquorum

461 3913 506 3974 eis
519 3935 719 3977 numerorum
741 3916 945 3995 suptilitatem
967 3934 1047 3994 quae
1069 3933 1106 3994 ex
1127 3912 1315 3992 syllabarum
1336 3912 1491 3974 breuitate
1513 3920 1545 3974 et
1565 3914 1760 3992 longitudine
1782 3916 1943 3984 metienda,
1957 3935 2018 3976 non
2039 3935 2076 3976 ex

463 4009 627 4070 momentis
649 4015 833 4070 accentuum
856 4006 1077 4073 examinandis,
1098 4012 1165 4064 tota
1184 4004 1347 4084 pendebat,
1367 4011 1500 4085 tempus,
1520 4025 1571 4066 res
1592 4007 1730 4067 omnium
1751 4006 1940 4076 edacissima,
1958 4008 1990 4067 in
2011 4008 2076 4068 dies

462 4101 562 4178 magis
581 4103 743 4182 magisque
766 4101 960 4172 absumebat;
983 4100 1066 4178 quod
1085 4105 1238 4177 quantum
1260 4097 1439 4157 interfuerit
1459 4097 1492 4157 in
1514 4098 1576 4158 illis
1598 4099 1775 4159 hominibus
1791 4101 1845 4180 qui
1866 4100 2001 4161 earmina
2013 4093 2077 4160 uon

462 4193 560 4254 oculis
581 4195 788 4273 percurrenda
813 4191 1049 4271 indiligentibus
1072 4190 1126 4250 sed
1149 4209 1222 4250 uoce
1245 4196 1357 4268 uegeta
1380 4209 1416 4250 ao
1440 4191 1517 4251 uiua
1542 4192 1727 4270 proferenda
1748 4191 1969 4272 intellegerent,
1992 4191 2075 4253 baud

462 4285 552 4346 facile
566 4294 623 4354 est,
634 4292 671 4346 ut
682 4286 713 4346 in
724 4285 782 4345 hoc
796 4285 925 4352 saeculo,
937 4284 1105 4344 aestimare.
1138 4283 1244 4361 itaque
1256 4281 1383 4343 minime
1395 4283 1572 4344 mirandum
1585 4289 1633 4344 est
1643 4288 1713 4363 post
1723 4283 1905 4345 quenalem
1916 4283 2075 4364 poetarum

464 4378 620 4456 ingentem
642 4398 790 4458 apparere
814 4377 1012 4439 solitudinem
1032 4383 1127 4454 atque
1146 4375 1235 4435 annis
1256 4375 1321 4436 lere
1339 4374 1418 4437 OOL
1439 4377 1494 4455 qui
1513 4376 1670 4438 ueteribus
1685 4376 1809 4456 quidem
1823 4376 2077 4439 adnumerantur

367 4481 371 4488 '
464 4471 594 4548 dignum
608 4471 763 4532 exstitisse
779 4468 942 4531 neminem.

543 4564 622 4624 Rem
644 4564 720 4625 satis
743 4563 806 4624 iam
831 4583 886 4642 per
909 4581 941 4622 se
966 4569 1103 4642 apertam
1125 4563 1267 4644 pluribus
1290 4565 1396 4626 docere
1418 4563 1664 4644 supersederem
1689 4562 1743 4624 sed
1758 4568 1862 4623 mouet
1875 4581 1925 4624 me
1942 4561 2076 4638 Romani

464 4655 588 4716 honoris
609 4657 803 4718 uerecundia
835 4675 906 4716 nam
930 4656 1083 4716 consulem
1107 4676 1176 4717 oum
1197 4656 1261 4717 illis
1281 4659 1345 4717 suis
1364 4657 1501 4718 fascibus
1520 4657 1659 4718 incedere
1678 4656 1768 4717 uideo
1787 4653 1998 4722 Ausonium,
2013 4651 2077 4716 rem

464 4748 646 4818 mehercule,
662 4750 689 4809 si
704 4772 778 4812 uera
793 4752 979 4832 quaerimus,
994 4748 1079 4809 haud
1091 4749 1195 4810 minus
1210 4769 1315 4811 secum
1329 4751 1502 4812 discordem
1517 4769 1553 4811 ac
1571 4757 1764 4830 pugnantem
1778 4768 1873 4828 qnam
1887 4748 1962 4808 olim
1976 4749 2078 4810 Tullio

464 4840 632 4902 uidebatur
649 4843 702 4904 ille
716 4852 764 4906 ‘et
780 4845 886 4905 consul
901 4850 934 4904 et
947 4843 1123 4904 Antonius'
1140 4845 1290 4922 (Philipp.
1307 4843 1343 4904 II
1360 4841 1434 4922 70).1
1464 4843 1517 4903 ain
1531 4843 1628 4903 uero?
1663 4847 1823 4901 eumnetu
1839 4841 1938 4918 quiin
1951 4841 2075 4901 techno-

464 4935 613 5012 paegniis,
630 4938 661 4996 in
678 4940 861 5000 centonibus
881 4939 915 4999 in
936 4937 1052 5018 quibus
1072 4935 1208 5014 Vergilio
1229 4954 1362 5015 quoque,
1378 4935 1404 4995 si
1427 4935 1475 4995 dis
1495 4931 1717 5014 placet,'suum
1738 4931 1851 5010 eripuit
1871 4931 2029 5010 pudorem,
2044 4931 2077 4992 in

466 5027 705 5107 ‘monosyllabis
719 5038 844 5092 tantum
859 5032 891 5091 in
906 5031 966 5091 fine
980 5029 1106 5110 positis'
1123 5030 1267 5089 miseram
1281 5026 1407 5088 Musam
1422 5028 1537 5088 totiens
1551 5027 1695 5093 exercuit,
1710 5025 1763 5104 qui
1777 5022 1854 5083 talia
1866 5043 1922 5102 pro
1935 5024 2076 5085 uersibus

466 5117 596 5186 Latinis,
612 5120 702 5181 iocari
717 5125 865 5184 nimirum
881 5124 940 5183 sibi
955 5124 1050 5192 uisus,
1065 5120 1200 5182 excudit:

531 5305 539 5335 ¹
558 5304 588 5357 si
605 5307 678 5358 tanti
696 5307 806 5359 uidetur
823 5308 891 5359 scire
908 5305 980 5358 bunc
997 5304 1168 5357 consulatum
1184 5307 1252 5371 quot
1263 5301 1329 5355 locis
1341 5315 1432 5353 crassa
1444 5296 1494 5350 illa
1507 5297 1656 5365 Burdigala
1668 5296 1762 5360 (Mart.
1778 5295 1819 5348 IX
1830 5297 1870 5350 ³2.
1884 5297 1911 5359 6)
1924 5295 2076 5364 ingesserit

386 5387 389 5392 '
466 5379 512 5433 adi
524 5381 702 5450 Peiperianae
714 5384 843 5437 editionis
854 5382 980 5445 indicem,
994 5399 1015 5434 a
1029 5399 1056 5433 u.
1070 5382 1197 5434 Ausonii.
