4967 6309
449 304 476 356 ri
862 306 918 359 AD
940 307 1146 361 LECTOREM
1165 309 1273 361 BENE
1279 308 1408 362 VOLVM
1429 309 1651 363 PRAEFATIO

450 473 555 555 philol.
579 476 831 537 Wocheuschriit
857 497 885 538 a.
910 476 989 537 1396
1017 498 1047 557 p.
1075 478 1160 540 1050.
1204 478 1342 557 ignotam
1369 480 1459 540 nobis
1485 481 1565 541 miro
1592 480 1729 562 quodam
1757 500 1831 541 casu
1855 479 2061 540 Traubianum

451 566 637 629 sententiam
665 588 736 630 cum
764 588 801 629 ex
828 568 1077 631 Baehreusianae
1104 570 1248 631 editionis
1276 571 1372 649 copiis
1398 572 1504 634 Gratti
1529 580 1651 635 textum
1676 574 1896 653 refingeremus
1917 570 2063 634 00000010

452 662 692 722 communicauit
705 661 863 724 Henrious
875 661 1020 733 Schenkl,
1035 664 1085 723 uir
1098 664 1314 725 ornatissimus
1326 670 1421 745 atque.
1440 662 1523 727 idem
1542 686 1613 728 cum
1632 667 1671 728 de
1685 667 1812 728 Grattio
1830 675 1899 727 tum
1916 666 1956 727 de
1974 663 2063 725 nobis

451 755 567 833 optime
594 757 733 816 meritus.
790 756 875 835 quod
902 755 1046 825 iraubio,
1068 756 1159 825 idem.
1181 766 1218 817 ut
1238 758 1283 819 ita
1302 758 1413 827 dicam,
1435 759 1686 839 imprudentibus
1707 760 1843 839 quodam
1863 757 1955 820 modo
1974 756 2064 817 nobis

451 851 528 931 ipsis
548 847 716 927 placuerat.
759 867 832 907 nam
850 848 879 907 B
898 848 1034 909 codicem
1050 849 1125 909 locis
1143 850 1304 929 perpaucis
1323 852 1454 930 dignum
1469 870 1536 912 esse
1557 851 1747 913 credidimus
1764 852 1820 932 qui
1835 851 1924 912 testis
1944 856 2015 930 post
2035 849 2063 909 A

452 944 609 1005 citaretur.
652 958 818 1021 quaecum
835 942 881 1001 ita
896 946 1010 1011 essent,
1024 960 1134 1021 operae
1148 942 1282 1022 pretium
1303 963 1366 1004 nou
1379 944 1484 1005 uisum
1499 954 1547 1005 est
1563 945 1625 1005 iam
1644 945 1728 1025 typis
1746 946 1898 1025 impressa
1909 943 2063 1005 moliendo

453 1036 484 1097 id
499 1036 629 1116 adsequi
642 1034 726 1115 quod
740 1036 846 1095 breuis
860 1034 893 1093 in
908 1034 1099 1114 praefatione
1113 1036 1228 1096 mentio
1244 1038 1320 1097 satis
1337 1036 1495 1098 commode
1516 1045 1620 1117 posset
1641 1038 1767 1098 efficere.
1809 1038 1850 1098 ad
1868 1038 1930 1098 alia
1943 1056 2064 1116 quoque

453 1119 630 1191 non'deruic
643 1128 734 1190 nobis
747 1128 925 1206 benignitas
947 1126 1113 1197 Schenklii.
1128 1130 1180 1209 qui
1199 1128 1238 1189 de
1259 1128 1402 1209 pluribus
1416 1133 1446 1189 A
1459 1130 1574 1191 codicis
1594 1130 1781 1190 lectionibus
1802 1130 1840 1191 de
1856 1130 1970 1210 quibus
1986 1128 2065 1189 laiso

453 1222 638 1283 rettulerant
665 1220 782 1301 priores
810 1239 886 1281 uera
916 1240 973 1280 nos
998 1220 1110 1290 docuit,
1135 1241 1252 1302 suaque
1275 1242 1345 1282 curn
1371 1223 1404 1283 in
1428 1242 1527 1303 praua
1550 1222 1744 1283 emendando
1772 1228 1840 1282 tum
1867 1224 1899 1282 in
1924 1220 2063 1301 perplexa

453 1315 615 1377 enodando
629 1333 722 1393 opero
737 1312 869 1374 adiuuit.
911 1312 940 1373 ei
961 1311 1094 1392 denique
1116 1314 1412 1375 Sannaaananorum
1428 1334 1509 1394 quae
1529 1322 1682 1375 uocantur
1702 1315 1960 1395 apographorum,
1980 1333 2016 1374 ex
2036 1315 2061 1371 A

453 1410 563 1469 horum
574 1426 697 1487 quoque
712 1406 947 1486 descriptorum,
958 1406 1101 1467 notitiam
1117 1406 1272 1467 debemus.
1304 1425 1436 1486 quorum
1451 1405 1688 1467 similitudinem
1702 1407 1748 1467 ita
1761 1406 1961 1468 distinximus
1974 1414 2011 1465 ut
2025 1405 2064 1463 sit

535 1501 557 1561 S
599 1499 862 1561 8000000000οω
880 1499 1082 1579 apographon
1097 1499 1191 1578 prius.
1212 1498 1277 1560 cod.
1292 1498 1426 1559 Vindob.
1441 1499 1509 1559 Lat.
1526 1499 1586 1558 277
1601 1518 1673 1578 pars
1692 1499 1841 1559 reoeutior
1856 1497 1975 1559 saeculo
1988 1495 2063 1557 XVI

454 1594 576 1673 scripta,

534 1708 549 1747 0
592 1685 857 1747 Sannanarianam
873 1686 1073 1767 apographon
1088 1687 1252 1767 posterius.
1267 1686 1331 1747 cod.
1347 1686 1481 1748 Vindob.
1496 1685 1564 1745 Iat
1582 1686 1660 1746 3261
1678 1686 1800 1746 saeculo
1814 1685 1893 1745 XVI
1907 1684 2050 1765 scriptus.

517 1780 656 1840 'Horum
677 1781 715 1840 de
738 1787 864 1840 auctore
884 1785 916 1840 et
934 1778 1033 1859 pretio
1055 1780 1301 1860 apographorum
1322 1779 1402 1841 nihil
1421 1799 1505 1839 nunc
1526 1778 1616 1839 nobis
1637 1778 1803 1839 dicendum
1826 1778 1957 1839 uidetur.
2000 1777 2065 1856 ipse

453 1874 534 1933 enim
555 1870 687 1934 Schenkl
706 1878 737 1932 et
758 1872 833 1932 haec
853 1880 885 1933 et
906 1872 968 1933 alia
982 1892 1061 1953 quae
1074 1873 1115 1933 ad
1136 1879 1238 1933 textus
1253 1873 1358 1933 Gratti
1379 1871 1655 1933 conformationem
1677 1878 1818 1951 spectum
1839 1870 1948 1931 multis
1967 1888 2066 1949 nuper

453 1972 593 2027 accurate
613 1964 789 2043 disputauit
812 1964 1126 2045 (Supplement-band
1148 1966 1203 2039 der
1222 1964 1417 2026 Jahrbischer
1429 1966 1451 2026 1.
1467 1964 1638 2027 klassisehe
1653 1963 1828 2041 Philologie
1842 1964 1912 2025 xxiv
1925 1984 1977 2045 pp.
1992 1962 2064 2023 387·

453 2058 528 2134 480)
542 2057 696 2137 simulque
710 2076 790 2137 quae
799 2056 893 2118 hodie
902 2056 936 2117 in
944 2057 975 2118 A
989 2056 1120 2136 legenda
1133 2067 1238 2119 extant
1251 2058 1333 2119 curis
1346 2058 1489 2119 fidelibus
1499 2058 1642 2119 exhibuit
1652 2057 1769 2139 quibus
1778 2078 1868 2118 nemo
1878 2058 1932 2138 qui
1942 2056 2063 2136 quidem

453 2150 577 2215 Grattio
592 2151 717 2213 studeat
734 2169 836 2211 carere
852 2156 908 2211 aut
929 2149 1015 2211 uolet
1035 2156 1090 2211 aut
1110 2152 1229 2231 poterit.
1273 2150 1351 2212 illud
1372 2170 1470 2212 unum
1492 2170 1576 2211 0000
1596 2156 1694 2212 restat
1714 2150 1903 2211 mouendum
1921 2150 2066 2211 lectiones

453 2263 531 2325 quas
550 2242 616 2305 sine
635 2243 770 2303 auctoris
786 2243 913 2303 nomine
934 2242 966 2302 in
988 2249 1075 2303 textu
1089 2244 1268 2305 exhibemus
1284 2252 1338 2304 000
1354 2244 1494 2304 codicum
1510 2244 1565 2323 qui
1579 2262 1615 2304 er
1629 2243 1660 2304 A
1673 2244 1831 2304 fluxerunt
1846 2244 1911 2303 siue
1929 2243 2063 2302 librariis

454 2338 519 2398 siue
533 2336 754 2398 correctoribus
769 2344 825 2395 aut
839 2336 975 2395 uetustis
989 2336 1159 2397 editoribus
1174 2336 1286 2397 deberi.

534 2586 694 2649 Grattium
716 2586 894 2665 insequitur
914 2583 1128 2644 MANTLIVS
1149 2603 1242 2664 quem
1266 2584 1298 2643 in
1316 2583 1410 2645 huius
1431 2584 1577 2665 Corporis
1599 2586 1749 2647 lectorum
1771 2605 1848 2646 usus
1870 2585 2066 2646 concinnauit

454 2680 600 2741 Manwns
634 2680 806 2748 Bacnaar,
834 2679 885 2738 uir
912 2676 1155 2737 Manilianorum
1181 2676 1321 2737 codicum
1350 2677 1478 2737 scientia
1505 2677 1701 2757 praecellens.
1745 2677 1794 2737 hie
1821 2678 1859 2739 de
1886 2684 1990 2738 tentus
2017 2678 2065 2736 sui

454 2771 627 2835 rationibus
647 2771 706 2833 hoc
722 2771 764 2831 ad
783 2770 971 2832 breuitatem
991 2769 1092 2848 operis
1113 2768 1207 2829 huius
1226 2770 1489 2831 accommodatum
1509 2770 1632 2850 scripsit
1648 2768 1739 2829 nobis
1758 2770 1946 2849 epistolium,
1963 2770 2065 2829 fusius

453 2864 534 2928 idem
548 2864 636 2934 alias,
650 2870 687 2924 ut
701 2882 871 2945 speramus,
885 2862 1111 2941 disputaturus.

534 2956 691 3020 “Codices
704 2977 783 3037 quos
796 2957 837 3017 ad
852 2955 964 3016 Manili
978 2960 1099 3016 textum
1113 2954 1362 3016 constituendum
1374 2954 1505 3015 adhibui
1523 2955 1574 3016 his
1588 2956 1686 3033 signis
1701 2974 1781 3033 quae
1795 2955 1970 3034 subscripta
1982 2962 2064 3025 0000,

454 3052 577 3113 tremui:

615 3184 645 3245 G
708 3183 776 3245 cod.
790 3180 1021 3245 Gemblacensis
1034 3178 1244 3240 Bruxellensis
1258 3178 1356 3239 10012
1371 3178 1498 3240 membr.
1515 3198 1592 3239 saec.
1607 3178 1653 3258 Xf'
1658 3178 1706 3238 XI

615 3278 641 3337 1.
708 3276 775 3337 cod.
790 3274 962 3355 Lipsiensis
977 3274 1056 3333 1465
1072 3272 1197 3333 membr.
1214 3291 1291 3333 saec.
1306 3272 1355 3334 XI

614 3370 639 3432 C
707 3369 774 3431 cod.
789 3369 933 3432 Cusanus
947 3366 1156 3428 Bruxellensis
1172 3366 1271 3426 10099
1286 3365 1414 3427 membr.
1430 3384 1506 3425 saec.
1522 3364 1589 3425 XII
1732 3326 1742 3425 l

615 3462 657 3537 V,
708 3462 775 3522 cod.
789 3460 962 3523 Vossianus
976 3459 1135 3520 leidensis
1149 3458 1209 3519 390
1223 3458 1355 3520 chartac.
1368 3458 1442 3517 anui
1459 3456 1538 3517 1470
1554 3462 1567 3609 q
1587 3526 1612 3547 ε
1628 3498 1651 3573 β

614 3555 650 3615 M
707 3556 774 3615 cod.
790 3551 986 3614 Matritensis
1001 3552 1038 3611 31
1055 3551 1186 3611 chartac.
1202 3570 1278 3610 saec.
1293 3550 1354 3609 XV

615 3648 642 3709 F
708 3647 773 3707 eod.
789 3642 1319 3721 110το0010001000000100000100.
1337 3642 1385 3712 13,
1401 3642 1439 3703 15
1454 3643 1589 3704 chartac.
1605 3662 1681 3704 0000.
1697 3643 1757 3703 XV

617 3740 678 3819 [ed.
695 3741 790 3819 princ.
826 3736 923 3799 editio
937 3736 1079 3816 princeps
1093 3736 1241 3797 Iohannis
1256 3736 1493 3814 Regiomontaui
1505 3735 1537 3795 N
1538 3734 1778 3814 orimbergensis
1791 3739 1866 3798 anni
1879 3737 1944 3799 iere
1959 3736 2062 3815 1470]

1734 3204 1827 3331 1-

533 3935 594 3995 Η10
622 3932 788 3999 codicibus,
817 3948 949 4010 quorum
977 3926 1085 3989 CLC
1103 3926 1139 4000 V,
1165 3927 1229 4005 ipse
1261 3924 1385 3995 contuli,
1413 3926 1609 3987 Matritensis
1636 3934 1741 3989 autem
1770 3928 1842 3989 libri
1870 3928 2063 3990 collationem

453 4028 585 4091 11111110
608 4027 745 4104 (011100
765 4020 915 4087 Classical
937 4021 1069 4091 1100100,
1088 4020 1146 4080 vol.
1168 4019 1220 4087 rii,
1243 4019 1332 4087 1393.
1352 4040 1382 4099 p.
1399 4020 1458 4081 310
1480 4040 1536 4099 sq..
1557 4040 1587 4099 p.
1604 4020 1664 4080 356
1686 4039 1764 4100 sqq,
1785 4041 1815 4100 p.
1829 4020 1890 4080 406
1911 4040 1997 4100 sqq.;
2021 4020 2062 4082 ib,

453 4124 510 4185 rol.
534 4122 597 4191 viii,
618 4121 708 4190 1394,
730 4140 758 4200 p.
782 4118 803 4178 4
824 4138 902 4197 sqq„
923 4136 953 4195 p.
976 4114 1035 4175 133
1057 4133 1133 4193 sqq..
1155 4132 1184 4191 p.
1206 4111 1266 4172 239
1287 4115 1383 4192 sqq).
1404 4111 1577 4173 Florentini
1602 4112 1674 4172 libri
1696 4114 1917 4191 benignissime
1939 4114 2063 4175 Curtius

453 4215 579 4278 Fischer
606 4215 638 4275 in
667 4233 744 4274 usus
772 4230 858 4273 meos
885 4203 1567 4273 00010010,οο00011001001000001101010ωο
1593 4205 1694 4267 denuo
1720 4207 1899 4287 inspiciente
1926 4206 2064 4269 Iohanne

453 4308 566 4387 Ilberg,
588 4308 704 4388 quibus
722 4304 831 4366 amicis
852 4302 969 4382 gratias
989 4322 1048 4379 ago
1069 4318 1162 4378 quam
1184 4297 1342 4367 maximas.
1363 4298 1412 4359 his
1431 4299 1531 4378 igitur
1551 4299 1707 4360 codicibus
1728 4300 1774 4360 ita
1794 4319 1870 4361 usus
1891 4320 1968 4369 sum,
1990 4308 2065 4363 uta

453 4403 482 4464 (1
506 4401 585 4463 libro
608 4400 640 4460 in
670 4405 757 4460 00ιο0
780 4393 997 4457 constituendo
1021 4387 1274 4472 proficiscendum
1301 4398 1388 4452 ratus
1415 4393 1509 4453 huius
1537 4392 1650 4454 codicis
1677 4394 1856 4455 memorium
1885 4394 1918 4453 in
1945 4401 2064 4456 textum

452 4494 627 4575 reciperem.
642 4492 832 4573 reliquorum
847 4487 986 4549 codicum
1003 4485 1180 4548 testimonia
1192 4504 1255 4547 non
1264 4486 1324 4546 nisi
1338 4486 1520 4565 speciosiora
1534 4488 1702 4567 profereus.
1747 4489 1800 4549 ubi
1813 4495 1917 4551 0000ιο
1932 4490 1960 4551 G
1974 4490 2064 4550 lectio

453 4589 624 4670 (1111111110
643 4604 711 4648 0⁸⁸0
731 4583 810 4645 mihi
831 4580 1007 4648 1110111111.
1029 4578 1088 4639 1¹0
1108 4577 1203 4639 1111108
1223 4578 1384 4649 widh
1411 4578 1465 4640 sed
1486 4600 1525 4642 ue
1545 4580 1595 4641 his
1616 4580 1742 4661 quidem
1763 4581 1982 4643 sufficientibus
2001 4582 2063 4643 adii

453 4682 536 4757 V‚M
557 4681 653 4741 libros
673 4680 704 4739 in
723 4682 860 4739 extremo
880 4673 1077 4753 potissimum
1100 4672 1234 4733 carmine
1255 4671 1338 4732 haud
1359 4675 1556 4752 spernendos.
1599 4673 1626 4733 F
1646 4673 1718 4735 libri
1741 4675 1887 4736 memorio
1907 4676 2063 4737 interdurn

454 4796 517 4837 una
530 4794 634 4837 ueram
656 4791 783 4834 seruans
800 4768 983 4847 scripturam
1005 4765 1185 4845 plerumque
1206 4765 1296 4843 quasi
1314 4765 1386 4825 ioue
1406 4764 1545 4826 lectionis
1566 4767 1714 4842 uolgatae
1733 4776 1790 4827 est.
1832 4788 2063 4849 nonnumquam

453 4870 547 4932 001000
562 4869 601 4929 01
615 4867 834 4927 Monacensem
850 4860 952 4921 15743
966 4865 998 4920 00
1012 4858 1050 4919 ad
1062 4858 1247 4920 Vossianum
1258 4856 1438 4919 Leidensem
1456 4858 1493 4917 13
1504 4859 1571 4935 (0,)
1583 4858 1759 4920 chartaceos
1773 4859 1869 4921 libros
1881 4862 1995 4923 muli
2004 4862 2064 4922 xv

454 4983 474 5024 a
497 4981 547 5023 me
568 4959 697 5023 collatos
717 4956 851 5034 coniugi.
895 4954 1158 5035 quotienscunque
1180 4950 1277 5029 igitur
1300 4968 1320 5009 a
1344 4950 1373 5011 (1
1398 4952 1601 5013 recedendum
1628 4960 1705 5021 erat,
1731 4961 1901 5015 ceterorum
1927 4956 2064 5036 quinque

453 5056 578 5118 illorum
595 5052 733 5115 codicum
755 5050 909 5115 lectiones.
931 5054 1084 5128 quatenus
1102 5064 1121 5107 a
1138 5052 1259 5125 recepta
1280 5042 1412 5106 lectione
1432 5045 1626 5116 differebant.
1643 5047 1801 5117 denotaui,
1820 5048 1942 5110 omissis
1962 5056 2064 5110 tamen

453 5155 486 5211 00
498 5146 673 5211 manifestis
686 5144 807 5207 librarii
820 5142 977 5205 erroribus
990 5147 1022 5201 et
1034 5140 1127 5201 rebus
1140 5138 1386 5219 orthographicis
1399 5139 1622 5219 nominumque
1635 5140 1832 5220 propriorum
1846 5140 2035 5221 corruptelis.

535 5242 735 5306 Coniecturae
767 5236 896 5299 selectas
923 5240 1048 5295 tantum
1082 5234 1114 5293 in
1148 5232 1363 5295 adnotationes
1391 5232 1500 5312 recepi,
1535 5232 1741 5294 recentiorum
1774 5233 1927 5313 imprimis
1953 5234 2064 5294 Manili

454 5338 630 5399 criticorum
645 5333 758 5396 studiis
776 5330 934 5411 respectis
976 5326 1010 5387 in
1030 5326 1218 5405 corrigendis
1238 5332 1342 5387 autem
1363 5332 1473 5405 poetae
1493 5323 1596 5386 uerbis
1616 5344 1653 5387 eo
1673 5326 1792 5387 cautior
1811 5327 1869 5396 fui.
1883 5345 1945 5406 quo
1965 5326 2065 5405 magis
