4967 6309
849 370 906 423 AD
928 371 1135 425 LECTOREM
1154 370 1401 425 BENEVOLVM
1419 367 1643 424 PRAEFATIO
2023 370 2054 421 ix

516 562 534 595 s
574 534 605 594 h.
616 552 643 595 e.
654 538 773 597 ceteros
787 533 875 595 codd.
890 552 960 594 raro
974 534 1211 604 omninocitaui
1222 534 1277 597 sed
1289 535 1480 615 ubicumque
1493 534 1565 596 illos
1574 534 1709 615 optimos
1720 534 1806 613 sequi
1819 552 1880 593 non
1895 532 2050 612 11111111-

434 628 559 706 telleges
571 647 620 689 me
631 626 694 687 nisi
702 626 799 687 alium
811 631 967 687 auctorem
978 628 1178 691 nominauero
1188 629 1378 689 deteriorum
1392 629 1531 689 codicum
1547 628 1710 690 lectionem
1720 627 1755 687 in
1763 634 1883 688 testum
1893 626 2050 706 recepisse.

434 721 619 800 scriptorum
633 718 689 797 qui
702 718 846 780 Persium
861 718 969 788 111111,
984 720 1230 800 scholiorumqus
1244 721 1447 800 antiquorum
1461 722 1615 783 rationem
1629 720 1900 800 diligentissimam
1915 717 2040 780 habui.”

514 918 677 979 INOANI
709 918 750 979 de
785 917 865 979 bello
900 919 985 980 ciuili
1017 940 1139 983 carmen
1169 922 1323 982 recensuit
1356 922 1553 983 (insanamve
1580 922 1618 983 Ε.
1647 922 1826 982 Η111111111
1853 920 1909 1000 qui
1936 917 2051 998 quibus

434 1011 607 1073 rationibus
621 1017 742 1073 textum
756 1013 997 1083 concinnauerit‚
1012 1014 1074 1075 iam
1088 1014 1186 1094 ipsius
1201 1014 1305 1073 uerbis
1317 1012 1528 1075 declarabitur

514 1104 659 1165 “Lucani
674 1123 797 1167 carmen
812 1106 851 1166 de
869 1104 951 1166 bello
965 1105 1051 1167 ciuili
1064 1126 1163 1187 nuper
1179 1104 1317 1185 (Ilipsiae
1333 1105 1427 1182 1898)
1442 1106 1542 1167 edidit
1555 1106 1589 1169 0.
1605 1106 1742 1178 Hosius;
1764 1124 1856 1185 quem
1868 1103 2052 1183 posteriores

433 1216 548 1275 magns
563 1215 600 1258 ex
621 1203 710 1277 parte
729 1198 818 1277 sequi
832 1217 955 1259 necesse
968 1204 1024 1260 est.
1066 1200 1094 1259 is
1108 1198 1247 1260 codicum
1262 1198 1413 1260 hactenus
1427 1199 1505 1259 satis
1518 1199 1713 1277 cognitorum
1728 1198 1833 1259 florem
1854 1194 2051 1278 praecerpsit

433 1288 578 1369 11131111
591 1288 739 1351 lectiones
756 1288 873 1351 11111111
893 1291 926 1351 in
945 1292 1057 1353 melius
1077 1292 1214 1354 mutauit
1234 1291 1350 1352 multas
1371 1290 1537 1360 stabiliuit,
1553 1292 1760 1353 temeritatem
1780 1291 1954 1351 criticorum
1975 1307 2051 1349 sano

432 1381 617 1463 plerumque
640 1382 754 1445 iudicio
777 1384 956 1446 refrenauit.
1001 1385 1110 1447 uellem
1133 1386 1209 1446 mihi
1230 1385 1411 1463 contigisset
1429 1390 1469 1445 ut
1488 1384 1633 1447 omuibus
1654 1384 1688 1445 iu
1707 1383 1783 1445 locis
1802 1383 1863 1444 uiri
1880 1379 2048 1443 doctissimi

433 1475 546 1537 iudicio
559 1478 607 1538 uti
621 1495 755 1558 possem.

514 1570 663 1632 Codicum
678 1570 793 1651 quibus
806 1569 858 1631 ille
871 1589 948 1631 usus
961 1577 1010 1632 est
1024 1572 1057 1632 hi
1072 1581 1148 1634 sunt
1161 1572 1326 1653 praecipui.

514 1713 550 1773 M
590 1712 888 1794 Moutepessulanus
909 1713 942 1773 Η
964 1712 1023 1775 113
1046 1734 1122 1777 saec.
1144 1716 1174 1777 X
1241 1716 1393 1777 Paulinae
1425 1734 1520 1795 quam
1557 1722 1649 1777 uocat
1682 1714 1820 1776 familiae
1854 1713 1982 1782 codices,
2012 1732 2049 1774 es

513 1806 541 1867 B
591 1806 815 1869 semenstres
829 1824 904 1867 saec
923 1806 953 1864 X
1199 1722 1214 1876 1
1277 1808 1393 1888 quibus
1407 1809 1593 1871 auctoritate
1606 1807 1802 1889 praestatM.

677 1899 881 1979 [3111111111
904 1917 921 1959 1
942 1900 965 1959 Ζ
987 1899 1089 1960 codice
1110 1919 1201 1980 quem
1221 1907 1313 1962 uocat
1336 1901 1446 1976 (Paris.
1471 1901 1586 1979 10314)
1609 1903 1798 1983 descriptum
1822 1919 1889 1962 esse
1909 1899 2048 1961 euincere

757 1998 889 2056 conatur
904 1992 937 2053 P.
954 1992 1049 2071 Iaejay
1065 1994 1096 2052 iu
1111 1994 1156 2054 ed
1174 1994 1292 2055 Lucani
1305 1995 1358 2055 lib.
1374 1995 1392 2055 I
1405 2015 1455 2075 pp.
1472 1996 1531 2055 xcii
1546 1996 1629 2076 sqq.]

514 2086 542 2143 V
588 2085 761 2147 Vossianus
774 2083 896 2165 primus
910 2082 1070 2146 Iasideusis
1085 2084 1165 2145 XIX
1177 2105 1206 2165 q.
1221 2087 1258 2147 51
1274 2106 1351 2147 saec.
1363 2086 1403 2156 X,
1414 2087 1543 2149 alterius
1556 2088 1742 2151 recensionis
1756 2088 1840 2150 solus
1853 2085 2047 2167 incorruptus

675 2178 774 2240 testie

512 2272 541 2333 U
587 2271 761 2334 Vossianus
777 2268 932 2335 secundus
946 2268 1106 2332 leidensis
1120 2273 1202 2333 XIX
1215 2274 1238 2334 1.
1255 2275 1294 2335 68
1309 2293 1387 2335 saec.
1402 2274 1433 2334 X
1460 2278 1470 2381 1
1502 2315 1621 2377 oeffioes
1644 2315 1700 2394 qui
1724 2316 1888 2395 utrimque
1910 2312 2048 2375 miliae

1462 2390 1478 2503 f
1542 2410 1689 2471 lectiones
1702 2409 1816 2469 mixtas
1830 2406 1985 2469 exhibent

512 2366 541 2428 G
587 2364 801 2426 Bruxellensis
844 2363 924 2424 5330
966 2362 1168 2428 bibliothecae
1211 2367 1433 2446 Burgundicae

675 2478 753 2520 saec.
768 2459 799 2520 X

512 2552 539 2614 Ο
588 2570 757 2613 consensus
771 2552 913 2613 codicum
927 2552 963 2613 11
972 2552 1003 2612 V
1013 2553 1117 2617 BUG
1131 2560 1187 2615 sut
1201 2554 1341 2615 omnium
1354 2561 1479 2635 praeter
1491 2572 1544 2615 eos
1558 2552 1614 2633 qui
1627 2552 1794 2633 separatim
1808 2550 1983 2613 laudentur.

593 2644 654 2706 huc
667 2644 817 2707 accedant
829 2644 868 2705 de
882 2645 998 2725 quibus
1011 2646 1095 2709 inira
1108 2649 1229 2709 dicetur

511 2739 588 2799 Aah.
630 2737 939 2801 Ashhurnhemensis
955 2768 979 2789 =
996 2739 1093 2801 Paria
1110 2740 1210 2802 Nous.
1226 2741 1304 2820 Acq.
1320 2740 1490 2802 11161111
1506 2738 1557 2800 IX
1569 2744 1607 2800 ut
1619 2739 1747 2800 uidetur
1760 2737 1960 2799 hhauclenio.

511 2830 539 2891 E
580 2830 784 2909 Erlangensis
798 2832 860 2893 804
874 2850 951 2893 saec.
966 2832 1006 2893 X.

585 2922 635 2984 his
648 2924 800 2987 accedunt

510 3018 536 3079 0
585 3022 762 3079 commenta
781 3018 952 3081 8111111111
973 3018 1033 3081 870
1054 3016 1112 3101 [ed
1129 3018 1170 3079 11
1187 3019 1314 3091 Vsener,
1334 3016 1539 3101 Lips.1869],
1559 3019 1707 3080 lemmata
1727 3026 1760 3079 et
1779 3016 2046 3096 interpretationes

672 3129 818 3189 magnam
841 3117 924 3172 certe
945 3118 1064 3191 partem
1089 3112 1323 3192 antiquissimas
1347 3110 1434 3173 nullo
1456 3120 1545 3175 textu
1566 3113 1714 3175 continuo
1735 3110 1919 3173 exhibentia
1961 3112 2045 3192 quod

673 3204 714 3264 ad
728 3204 874 3267 lectiones
886 3203 1009 3273 attinet,
1024 3205 1208 3266 ‘Paulinae'
1223 3205 1362 3266 familiae
1376 3206 1612 3268 adnumeranda
1625 3212 1708 3268 sunt.

509 3298 540 3359 N
587 3300 765 3377 fragmenta
776 3296 919 3376 rescripti
933 3296 1047 3359 codicis
1061 3317 1137 3358 saec.
1152 3297 1198 3358 1v
1214 3299 1329 3377 partim
1344 3298 1548 3362 vindobonae
1560 3299 1676 3380 purtim
1689 3298 1820 3379 Neapoli
1835 3298 2005 3359 adseruata

510 3390 538 3451 P
584 3390 764 3470 fragmenta
784 3389 926 3472 rescripti
946 3390 1060 3451 codicis
1080 3410 1156 3453 saec.
1172 3391 1220 3453 IV
1232 3390 1370 3453 Palatini
1385 3411 1440 3453 seu
1453 3393 1607 3454 Vaticani.
1648 3392 1724 3453 haec
1736 3392 1914 3471 imgmenta
1927 3392 1957 3452 N
1971 3392 2044 3453 ctP

671 3483 790 3566 publici
802 3484 880 3545 iuris
894 3484 969 3545 iecit
982 3484 1143 3547 Detleisen
1156 3486 1190 3546 in
1205 3484 1372 3565 Philologo
1387 3485 1587 3548 18176067.

589 3584 707 3641 ceteros
721 3577 838 3660 quibus
851 3577 902 3639 hic
912 3576 977 3638 illic
990 3597 1067 3639 usus
1080 3587 1129 3639 est
1143 3578 1262 3641 Hosius
1276 3580 1396 3642 codices
1410 3582 1524 3642 referre
1538 3599 1601 3641 non
1615 3579 1709 3641 huius
1722 3578 1823 3659 operis
1835 3586 1890 3641 est

509 3724 613 3805 Signis
637 3723 732 3785 ΜἜι
754 3731 810 3787 etc
832 3724 867 3786 in
890 3721 1090 3786 adnotatione
1110 3725 1219 3805 positis
1241 3723 1377 3785 indicaui
1399 3726 1445 3785 ita
1468 3723 1499 3785 in
1522 3724 1588 3785 cod.
1614 3722 1689 3785 ΜΒ
1710 3731 1767 3784 etc.
1790 3743 1810 3783 a
1830 3740 1925 3784 mauu
1944 3721 2044 3802 prima

428 3816 575 3897 scriptum
595 3818 650 3880 scd
670 3823 779 3897 postea
799 3822 970 3879 correctum
992 3817 1107 3879 luisses
1129 3817 1227 3896 signis
1248 3816 1314 3877 rub
1333 3824 1391 3877 etc.
1406 3822 1607 3878 correctorem
1627 3815 1762 3894 aliquem
1783 3814 1863 3875 banc
1882 3814 2042 3877 lectionem

427 3912 635 3993 adscripsisse
679 3931 742 3992 qua
755 3912 787 3973 in
803 3930 837 3973 re
851 3911 986 3973 Hosium
1002 3913 1088 3993 sequi
1102 3912 1280 3992 legentibus
1295 3910 1488 3973 commodius
1501 3911 1569 3969 iore
1582 3908 1757 3969 uidebatur.

508 4005 655 4067 Subsidis
679 4012 716 4067 ut
739 4026 822 4067 noua
843 4005 891 4067 ita
909 4026 1060 4086 perquam
1087 4008 1175 4069 utilia
1198 4026 1298 4086 nuper
1322 4004 1434 4083 [1894]
1458 4001 1570 4063 attulit
1591 4000 1753 4062 Arnoldus
1775 4001 1906 4070 0111111,
1931 4002 1985 4080 qui
2008 4002 2041 4062 in

425 4097 531 4159 libello
551 4099 608 4160 ‘de
628 4098 747 4161 Lucani
768 4099 871 4161 codice
891 4098 1093 4179 Erlangensi’
1108 4099 1229 4181 plenam
1250 4099 1317 4161 eius
1330 4098 1444 4160 codicis
1459 4095 1516 4177 [E]
1533 4093 1730 4156 collationem
1744 4094 1838 4155 dedit.
1881 4094 1936 4173 qui
1954 4093 2041 4167 liber,

425 4192 538 4255 codicis
564 4192 594 4254 B
620 4211 717 4274 prope
750 4193 911 4271 gemellus,
937 4193 983 4254 ita
1009 4194 1147 4273 germani
1175 4192 1224 4253 sui
1252 4192 1468 4253 auctoritatem
1496 4186 1589 4249 fulcit
1614 4191 1653 4247 ut
1678 4186 1742 4247 iem
1769 4186 1859 4265 quasi
1885 4188 2042 4248 communi

426 4286 590 4367 utriusque
603 4285 771 4368 archetypo
786 4288 833 4348 uti
848 4286 1020 4349 uideamur.

505 4380 593 4460 Opus
604 4380 724 4441 Lucani
737 4380 915 4461 nuperrime
933 4377 1032 4441 edidit
1052 4378 1101 4441 uir
1120 4378 1351 4442 eruditissimus
1364 4377 1398 4442 0.
1414 4378 1460 4440 M.
1474 4376 1645 4439 Francken.
1689 4374 1778 4436 cuius
1796 4375 1829 4436 in
1848 4374 2041 4437 emendando

424 4475 511 4532 textu
532 4471 694 4534 consilium
716 4493 778 4534 non
803 4472 910 4553 probo.
932 4471 1071 4534 subsidia
1090 4492 1171 4554 quac
1190 4472 1261 4533 VD
1281 4471 1391 4533 attulit
1410 4490 1525 4551 magno
1545 4471 1616 4531 usui
1637 4470 1807 4532 cassidem
1827 4476 1917 4549 grato
1936 4468 2041 4529 animo

424 4565 578 4643 profiteor.
620 4567 759 4645 primum
774 4566 887 4628 codicis
901 4566 1207 4629 Ashburnhamensis
1221 4564 1309 4628 dedit
1326 4564 1531 4635 collationem,
1545 4584 1581 4626 ex
1602 4584 1667 4645 qua
1687 4563 1787 4625 mults
1799 4562 1827 4624 Ι.
1841 4562 1878 4623 Ρ.
1891 4562 2040 4641 Postgate

424 4656 487 4717 iam
508 4658 656 4720 coniectis
675 4659 754 4720 meis
775 4657 893 4721 notulis
913 4656 1033 4719 intulit.
1074 4658 1156 4720 hunc
1174 4658 1310 4720 codicem
1323 4676 1395 4719 cum
1409 4657 1438 4718 B
1451 4663 1484 4721 11
1497 4658 1525 4720 E
1541 4658 1828 4720 coniunctissimum
1848 4676 1915 4718 esse
1935 4663 2038 4736 patet:

424 4748 453 4807 B
472 4769 509 4811 ex
529 4750 606 4812 Aah.
624 4750 751 4813 fluxisse
772 4752 927 4813 sententia
947 4751 1045 4831 ipsius
1065 4751 1325 4813 1111111111111
1367 4751 1430 4812 huc
1450 4750 1568 4815 accedit
1588 4752 1673 4832 quod
1694 4752 1728 4811 11
1748 4751 1880 4811 aliorum
1901 4748 2039 4811 codicum

424 4841 608 4905 lectionibus
628 4844 799 4907 referendis
820 4846 978 4907 interdum
999 4845 1188 4907 dissentiunt
1207 4846 1290 4906 inter
1310 4864 1343 4906 ss
1363 4844 1483 4907 Hosius
1499 4845 1547 4923 (id
1566 4850 1615 4907 cst
1636 4842 2038 4920 81111111101111111111,

425 4935 513 4999 uelut
525 4936 558 4997 in
572 4936 608 4999 lt
622 4938 745 5000 nonita
764 4958 834 5000 raro
855 4939 969 5007 euenit.
983 4937 1151 5019 aliquando
1171 4936 1205 4999 111
1218 4937 1294 5000 VU.
1337 4937 1436 5017 igitur
1454 4938 1511 5000 ubi
1531 4937 1653 5018 aliquid
1672 4936 1825 5003 interluit.
1839 4934 1912 4995 huic
1930 4954 1971 4994 an
1992 4933 2037 4995 illi

423 5029 602 5113 testimonio
615 5030 709 5092 fidem
723 5032 872 5093 maiorem
886 5031 1065 5101 habeamus,
1081 5030 1166 5092 ‘hii’
1178 5030 1230 5093 uel
1244 5030 1331 5093 ‘Ma’
1346 5036 1439 5112 prout
1453 5048 1503 5091 res
1513 5028 1695 5110 postulabat
1704 5026 1870 5105 adscripsit
1881 5026 2036 5104 Postgate

424 5120 509 5201 quod
528 5124 569 5185 ad
588 5124 657 5190 ¹VU
677 5124 802 5195 attinet,
826 5124 910 5186 idem
934 5125 1081 5206 inspectis
1103 5144 1211 5187 rursus
1234 5124 1312 5205 ipsis
1332 5124 1490 5186 codicibus
1511 5123 1551 5185 de
1574 5120 1682 5183 dubiis
1703 5118 1889 5209 quibusdam
1910 5118 2040 5180 certiora

423 5216 570 5287 rettulit„
1022 5254 1025 5261 ι

503 5310 630 5381 Eorum
652 5312 707 5392 qui
728 5310 848 5373 Lucani
868 5330 992 5374 carmen
1011 5312 1186 5383 ediderunt,
1203 5310 1326 5373 auxiliis
1346 5318 1504 5391 quantum
1524 5308 1614 5390 potui
1634 5326 1712 5370 usus
1732 5326 1811 5376 sum,
1825 5298 2041 5386 Oudendorpii

423 5404 554 5466 manime
572 5413 606 5466 et
618 5406 725 5467 Oortii.
768 5424 849 5485 quae
870 5406 931 5466 uiri
952 5406 1035 5467 docti
1055 5405 1238 5469 wniectufis
1258 5406 1411 5468 1111111111
1429 5422 1486 5487 per
1504 5404 1563 5465 hus
1576 5402 1629 5465 00
1641 5420 1741 5463 annos
1760 5400 1793 5461 in
1814 5399 1906 5461 crisin
1920 5398 2037 5461 Lucani
