4967 6309
757 366 814 421 Al>
830 367 1037 422 scewanc
1050 366 1297 422 BENEVOLVM
1311 368 1535 423 PRAEFATIO
1926 375 1956 428 lx

418 531 468 595 IV
481 533 619 597 cot-609
632 534 770 608 Medius.
781 543 853 618 post
866 537 1029 618 uulgatam
1042 535 1233 618 propositam
1246 535 1295 613 (in
1308 554 1372 616 qun
1383 554 1510 608 cernere,
1520 537 1674 608 meadum,
1680 539 1834 618 permeet)
1846 559 1956 602 uersus

337 632 488 689 conantes
506 629 633 709 exponit
651 638 706 692 ‘en
724 629 880 710 scriptura
896 627 1029 710 antiqua
1046 627 1157 691 leuiter
1169 633 1280 689 nostra
1293 628 1470 690 coniectura
1488 629 1598 692 adiuta
1606 631 1623 702 ⁹,
1638 631 1672 692 iu
1690 633 1804 713 quibus
1818 633 1954 712 perdere,

335 719 461 790 sadum,
471 725 616 800 perinent.
646 741 781 801 quamn
796 721 960 782 lectionum
971 742 1051 802 quae
1065 723 1107 783 sit
1119 719 1220 782 Modii
1233 721 1412 784 coniectura
1425 722 1535 785 adiuta
1544 723 1681 785 dubitari
1695 731 1805 806 potest
1833 731 1956 806 poterat

336 811 430 882 enim,
444 817 483 872 nt
499 813 592 874 Blass
609 819 713 893 putst,
733 813 758 875 0
777 813 892 874 audam
909 814 1033 885 hebere,
1051 820 1298 894 potententem
1312 816 1450 894 prodere.
1483 816 1617 877 similem
1637 813 1737 878 locum
1757 818 1789 879 in
1804 817 1889 878 VIII
1903 819 1954 889 40,

336 901 376 961 41
395 904 540 983 reperias,
559 902 615 964 ubi
633 904 718 965 Mod
738 910 811 985 post
829 905 991 984 uulgstanr
1008 906 1199 988 propositam
1212 906 1330 988 pergit:
1353 907 1416 968 ‘ita
1428 927 1448 968 a
1461 927 1511 970 me
1522 913 1579 970 sut
1588 909 1780 972 membranis
1793 911 1907 992 potius,
1921 912 1954 972 in

336 994 452 1074 quibus
461 1002 511 1057 est
523 998 563 1056 rit
570 996 626 1074 sce
639 997 679 1057 rit
693 1001 824 1066 matam.
833 998 1010 1060 coniectura
1017 1004 1126 1061 nostra
1135 996 1247 1060 leuiter
1256 997 1367 1061 adiuta
1376 1000 1488 1078 corrigi
1498 1002 1667 1080 poterunt'
1698 1003 1839 1084 sequitur
1849 1008 1954 1065 tentus

336 1091 502 1154 correctus.
512 1087 568 1148 uhi
578 1107 609 1148 n.
620 1088 663 1150 40
675 1108 732 1169 pro
740 1089 795 1167 sce
808 1088 924 1168 legitur
936 1091 994 1160 ior,
1005 1111 1035 1154 u.
1048 1094 1087 1152 41
1103 1111 1160 1172 pro
1172 1091 1225 1152 sed
1230 1089 1287 1169 sce
1299 1091 1341 1152 sit
1355 1097 1478 1152 cautam
1491 1093 1651 1174 reponitur
1663 1096 1703 1155 rit
1710 1095 1766 1172 scs
1774 1097 1814 1156 rit
1826 1100 1953 1156 tautam.

336 1181 369 1237 et
378 1177 500 1240 Blsssio
510 1179 638 1260 quidem
649 1185 768 1242 tuntum
777 1180 878 1243 Modii
890 1183 1098 1245 coniecturam
1111 1203 1179 1246 esse
1192 1183 1371 1245 sdfirmcnti
1385 1203 1443 1262 ego
1456 1184 1582 1266 quidem
1593 1185 1774 1267 adetipulor.
1803 1193 1835 1250 et
1848 1194 1953 1250 tamen

335 1270 440 1350 potuit
450 1271 548 1342 Mod,
559 1291 632 1333 cum
643 1273 767 1335 dicebat
779 1274 975 1336 membranas
987 1275 1101 1338 hsberc
1114 1277 1154 1337 ec
1160 1276 1217 1353 sce
1229 1276 1270 1338 rit
1284 1280 1408 1337 earam
1421 1276 1461 1339 de
1473 1278 1659 1340 correctione
1672 1280 1712 1339 rit
1726 1278 1792 1341 sols
1805 1275 1960 1358 coquum.

335 1368 459 1424 matum
479 1364 676 1443 neglegentia
688 1364 775 1446 quali
794 1365 870 1428 alibi
887 1387 965 1430 usus
983 1375 1033 1431 est
1052 1390 1070 1433 s
1090 1368 1222 1448 uulgata
1241 1386 1373 1430 seruere
1406 1369 1491 1450 quod
1509 1369 1607 1432 eredit
1624 1369 1725 1441 Thilo,
1739 1377 1772 1433 et
1790 1391 1823 1433 re
1839 1372 1953 1435 cerac

336 1455 423 1534 (oum
438 1456 516 1534 LF)
531 1477 561 1519 u
576 1458 619 1520 40
631 1459 681 1519 uie
694 1458 816 1538 legisse.
830 1459 914 1540 quod
927 1459 1071 1523 Medium
1092 1459 1222 1522 ‘leuiter
1237 1458 1422 1522 adiuussse’
1444 1465 1476 1522 et
1489 1461 1522 1523 in
1537 1460 1585 1522 irre
1598 1463 1792 1526 conuertisse
1822 1463 1953 1526 notabili

335 1569 411 1612 uero
424 1548 621 1633 indiligentia
634 1553 785 1616 Heinsius
805 1553 852 1616 ait
871 1554 929 1615 ‘rit
942 1553 998 1634 jae
1016 1557 1056 1616 rit
1075 1559 1194 1616 luctam
1209 1553 1338 1616 Hcdius
1354 1571 1391 1616 ex
1408 1551 1455 1624 0:
1474 1552 1601 1626 scilicet,
1618 1555 1694 1618 dum
1713 1554 1811 1618 Mcdii
1830 1561 1952 1618 textum

335 1649 508 1707 correctum
519 1644 606 1725 legit,
620 1645 738 1709 oblitus
751 1665 832 1727 quse
845 1645 898 1710 ille
911 1653 1156 1728 praemonuerat.

414 1735 446 1798 V
466 1737 527 1799 298
541 1737 646 1800 Bauer
657 1739 692 1801 in
705 1737 905 1801 adnotatione
922 1741 969 1802 ait
986 1739 1106 1802 ‘tollen
1124 1739 1172 1802 Oh
1181 1737 1201 1811 ',
1219 1737 1253 1800 in
1271 1735 1465 1820 praelatione
1479 1737 1540 1800 nol
1555 1740 1576 1801 2
1590 1739 1717 1820 corrigit
1731 1739 1850 1802 ‘tollere
1865 1739 1923 1802 (lm
1933 1739 1951 1788 ’-

335 1826 390 1889 sed
403 1827 436 1890 in
449 1848 496 1909 ep.
511 1828 550 1890 16
563 1829 666 1892 tollen
679 1829 758 1893 etin
769 1830 856 1911 nulg.
867 1836 900 1893 et
912 1831 947 1894 in
959 1838 1048 1894 textu
1061 1838 1197 1895 correcto
1211 1830 1324 1894 habuit
1336 1829 1473 1902 Modica
1483 1829 1567 1894 unde
1577 1831 1655 1894 nihil
1668 1833 1825 1895 adfirmari
1838 1837 1949 1915 potest.

335 1921 390 1982 sed
407 1942 447 1984 ne
464 1923 599 1986 Heinsio
612 1924 739 2006 quidem
756 1923 953 1997 credendum,
967 1925 1055 1988 cuius
1069 1925 1166 1988 nerbe
1179 1924 1299 1986 ‘tollere
1312 1942 1384 1987 cum
1398 1922 1506 1986 Modio
1519 1924 1728 1987 Coloniensis'
1743 1925 1822 1987 nihil
1836 1925 1876 1988 de
1890 1925 1950 1988 ccl·

334 2013 449 2078 latione
462 2037 522 2080 rua
532 2023 691 2080 testentur
707 2017 823 2097 (Blass.
837 2037 866 2099 p
882 2020 969 2097 208).
1000 2017 1193 2082 coloniensis
1206 2015 1372 2079 lectionem
1385 2015 1436 2078 hic
1448 2016 1596 2079 amissum
1609 2036 1675 2079 asse
1688 2036 1805 2080 censeo.

414 2107 501 2169 VIII
522 2110 583 2171 669
603 2109 701 2182 Mod..
714 2111 874 2192 proposita
887 2109 1019 2190 uulgata
1036 2109 1148 2191 inqua
1165 2109 1335 2188 tacitaeque
1355 2107 1507 2168 ceddum
1517 2107 1637 2187 fundit,
1652 2109 1767 2189 pergit:
1789 2109 1840 2170 ‘in
1855 2129 1950 2172 mern·

333 2199 440 2262 branis
456 2204 623 2282 reeitctqae
639 2203 791 2264 ccdcam
801 2202 940 2283 facum.
954 2203 1038 2266 unde
1056 2202 1118 2283 legi
1136 2219 1226 2284 posse
1242 2198 1421 2263 iudicabam
1436 2199 1599 2281 reicitque!
1625 2201 1772 2263 obserant
1784 2200 1950 2264 Heinsius:

221 2310 227 2330 ·
262 2306 265 2320 ·
335 2293 437 2355 ‘Mod
458 2295 491 2355 in
509 2315 546 2357 ω
564 2293 629 2356 cod.
650 2297 814 2376 reee'tctqae
831 2295 893 2376 legi
911 2295 1083 2365 sdseuerm
1097 2293 1152 2358 sed
1168 2298 1313 2375 excerpts
1325 2297 1433 2354 nostra
1445 2293 1607 2374 reicitque!
1635 2291 1699 2354 luit
1712 2313 1782 2355 cum
1796 2294 1952 2356 crederem

333 2385 499 2448 Heinsinm
509 2393 618 2450 nmen
627 2388 790 2456 erranim.
800 2388 855 2449 sed
865 2393 1031 2471 postquem
1040 2388 1223 2468 Postgstins
1238 2386 1272 2448 in
1286 2383 1313 2448 1³
1327 2383 1463 2464 uestigie
1474 2384 1613 2446 lectionis
1627 2387 1769 2466 reteilqae
1782 2385 1953 2448 certissima

333 2479 456 2540 inuenit
482 2498 596 2542 munus
623 2479 699 2542 dure
725 2487 850 2542 condus
876 2499 983 2542 censeo
1004 2480 1172 2562 nescioquo
1194 2498 1298 2542 errore
1318 2476 1464 2540 Modium
1490 2477 1602 2540 codicis
1625 2477 1787 2541 lectionem
1814 2498 1871 2560 pro
1894 2499 1953 2540 sua

334 2572 510 2634 coniectura
522 2571 677 2634 babuisse.
709 2562 813 2634 simile
824 2592 896 2634 eum
909 2592 977 2635 esse
989 2591 1117 2654 passum
1131 2572 1163 2632 in
1178 2571 1315 2652 quodum
1329 2569 1492 2633 Censorini
1506 2570 1573 2632 loco
1587 2571 1676 2632 docet
1688 2570 1789 2642 Bless,
1802 2591 1833 2653 p.
1849 2571 1917 2634 100.

414 2665 483 2726 XII
504 2663 563 2726 501
585 2664 751 2728 Heinsius:
781 2665 833 2726 ‘in
849 2665 916 2728 Ool.
937 2665 1084 2745 Fabiique
1104 2665 1248 2744 magister
1264 2662 1436 2726 metarum
1456 2662 1611 2743 ceper-ior.⁸
1643 2669 1675 2724 st
1699 2664 1803 2744 potuit
1823 2663 1951 2745 quidem

332 2757 470 2836 asperior
491 2755 668 2819 Coloniensi
689 2757 867 2820 adtribuere
887 2777 908 2820 s
928 2757 1109 2839 Dausqneio
1130 2757 1288 2837 deceptus,
1310 2754 1456 2817 Hodium
1477 2755 1524 2816 ita
1547 2753 1647 2836 legere
1667 2754 1846 2818 adlimrsnti
1871 2755 1949 2835 (uid.

333 2848 454 2927 supra),
467 2847 562 2927 idque
580 2847 714 2910 credidit
736 2847 829 2910 Blass
847 2847 891 2929 (p.
907 2847 985 2923 211;
1005 2866 1196 2930 quamquam
1213 2845 1306 2909 aliter
1325 2866 1356 2930 p.
1371 2847 1456 2928 204).
1487 2848 1631 2910 sedem
1650 2847 1746 2911 alium
1758 2848 1951 2913 coloniensis

332 2938 495 3003 lectionem
508 2941 609 3011 Fabii.
623 2941 713 3002 ouius
731 2941 817 3022 opud
832 2941 1049 3023 Dansqneinm
1062 2940 1185 3003 nullum
1198 2940 1381 3020 uestigium,
1395 2941 1448 3003 hio
1459 2947 1679 3004 commemorat
1691 2941 1852 3014 Heinsius,
1865 2961 1950 3023 nepe·

332 3033 398 3094 rior
409 3052 533 3114 quoquc
546 3034 673 3114 accipio.
704 3033 874 3096 durem
886 3053 960 3096 uero
974 3033 1008 3095 in
1021 3033 1047 3096 0
1061 3034 1185 3096 stetisse
1198 3052 1262 3097 non
1276 3051 1333 3117 prc
1347 3040 1432 3096 certo
1443 3033 1635 3097 hsbendnrn:
1656 3039 1778 3115 poterat
1790 3053 1807 3097 e
1821 3033 1952 3116 nulgsts

333 3144 408 3186 casu
421 3145 548 3188 serum.

412 3219 500 3280 XIII
514 3220 574 3281 575
588 3218 716 3282 Modius
729 3218 892 3300 uulgatam
904 3220 939 3282 in
954 3219 1132 3300 Tesiphone·
1146 3217 1311 3290 conuertit.
1323 3218 1378 3281 sed
1392 3238 1464 3282 cum
1479 3238 1516 3282 ea
1528 3238 1651 3302 quoqne
1665 3237 1680 3280 s
1692 3219 1805 3284 habeat
1819 3219 1899 3282 nihil
1912 3221 1951 3284 de

332 3329 370 3373 co
382 3310 541 3373 adfirmari
555 3318 669 3392 potest.

412 3402 476 3464 XV
496 3402 556 3465 147
576 3402 862 3466 Drakenborchiuse
884 3413 938 3466 ‘ce
956 3403 1014 3464 iret
1033 3421 1091 3484 pro
1111 3407 1200 3482 arque
1219 3401 1277 3463 iret
1298 3401 1331 3463 in
1352 3407 1533 3464 contextum
1552 3403 1667 3484 recepit
1683 3400 1834 3464 Heinsius
1853 3421 1892 3465 ex
1913 3402 1949 3468 0.

331 3494 421 3556 cuius
438 3496 472 3556 in
489 3496 573 3558 notis
592 3495 672 3558 nihil
690 3495 831 3559 monuit!
862 3495 975 3558 modus
992 3494 1141 3577 loquendi
1159 3494 1237 3556 saba
1251 3493 1411 3565 obscurus,
1427 3495 1482 3557 sed
1496 3502 1601 3558 temen
1614 3495 1667 3576 qui
1685 3494 1826 3575 intellegi
1840 3497 1949 3578 possit,

331 3585 386 3649 sed
395 3607 458 3650 non
469 3587 497 3650 ia
506 3594 628 3651 amator
638 3589 831 3652 coloniensis
844 3591 893 3652 sni
902 3588 1052 3652 Heinsius
1062 3594 1099 3650 ut
1109 3607 1181 3650 eum
1192 3593 1301 3650 contra
1310 3587 1403 3650 metri
1413 3588 1498 3669 leges
1508 3589 1693 3651 scribentem
1703 3589 1949 3672 amplecteretur.

332 3700 397 3743 reru
410 3681 571 3762 expediuit
583 3683 740 3764 Postgatii
753 3683 909 3757 correctio,
922 3703 951 3765 q.
967 3703 998 3745 u.
1013 3681 1055 3743 ad
1068 3681 1123 3743 loc.

412 3774 474 3838 His
491 3775 615 3838 indiciis
633 3775 712 3838 sutis
729 3776 850 3839 laetum
863 3777 901 3839 iri
914 3775 1068 3859 plerisque
1086 3773 1212 3855 opinor:
1234 3772 1290 3854 qui
1310 3771 1403 3853 plura
1414 3772 1509 3842 uolet,
1523 3772 1740 3836 adnotationes
1753 3772 1896 3835 cumulat
1907 3773 1949 3835 ad

331 3864 439 3942 1555;
461 3866 580 3944 V277;
600 3868 650 3929 VI
664 3868 740 3946 3273
758 3868 913 3944 V11886;
934 3869 1019 3930 VIII
1031 3869 1101 3938 349,
1114 3867 1186 3938 420,
1199 3867 1278 3941 459;
1300 3865 1350 3927 IX
1365 3864 1441 3940 6313
1462 3865 1549 3928 XIII
1566 3866 1626 3927 546
1644 3870 1676 3927 et
1694 3884 1774 3948 quac
1787 3865 1896 3947 scripsi
1910 3865 1949 3928 (Ie

330 3959 462 4023 Heinsio
474 3960 574 4024 Olass.
589 3961 722 4034 Rerierr.
738 3962 827 4034 1902.
839 3982 891 4044 pp.
905 3962 965 4024 169
978 3981 1045 4042 sqq.

412 4053 483 4116 Iam
496 4054 673 4118 Coloniensi
686 4075 728 4116 an
741 4056 903 4118 consensui
916 4054 1004 4117 codd.
1018 4051 1156 4116 LFOV
1169 4052 1242 4133 plus
1254 4052 1458 4114 tribuendum
1472 4053 1514 4114 sit
1527 4053 1554 4114 si
1568 4051 1736 4135 quaeritur,
1750 4050 1809 4114 hoc
1821 4056 1945 4113 tantum

329 4144 412 4207 dioc:
433 4148 522 4210 codd.
542 4167 566 4211 s.
586 4148 667 4210 m
687 4167 830 4210 excussos
850 4154 882 4208 ct
902 4147 967 4210 cod
980 4147 1109 4208 notitiae
1130 4151 1196 4207 tam
1216 4145 1387 4224 impeditae
1409 4147 1491 4207 inter
1515 4164 1548 4206 se
1569 4143 1739 4225 comparari
1758 4163 1822 4206 ncu
1842 4161 1946 4224 posse:

331 4239 520 4322 ubicumque
532 4240 665 4312 uurient,
679 4240 804 4321 singulo
817 4259 939 4323 quoque
952 4238 1019 4301 loco
1032 4239 1195 4301 lectionem
1209 4242 1375 4316 utrumque
1389 4256 1445 4317 per
1458 4257 1491 4300 se
1504 4257 1571 4299 esse
1585 4235 1848 4299 consideranm

412 4331 606 4394 coloniensis
620 4334 789 4415 scripturas
802 4333 869 4414 ipse
882 4332 1051 4414 porcarios
1063 4330 1159 4393 libros
1172 4349 1297 4410 sparsas
1311 4329 1467 4409 indagaui.
1494 4329 1527 4391 in
1539 4327 1750 4409 Sangallensia
1759 4328 1948 4410 apographis

331 4442 409 4486 usus
422 4444 493 4487 sum
506 4424 622 4487 Blassii
635 4432 798 4507 apparatu,
809 4425 960 4488 aBauero
969 4423 1087 4505 publici
1099 4422 1178 4484 iuris
1190 4423 1285 4485 tacto.
1313 4421 1354 4484 de
1363 4421 1523 4484 nonnullis
1534 4421 1589 4482 ubi
1599 4421 1764 4483 haerebam
1775 4421 1947 4484 satisfecer-

330 4523 399 4589 unt,
410 4538 475 4599 qua
487 4525 563 4581 sunt
575 4519 801 4590 beneuolentis‚
812 4539 865 4580 un.
876 4518 929 4581 dd
940 4517 1046 4580 Bauer
1058 4522 1092 4579 et
1105 4516 1265 4596 Postgate.
1277 4513 1396 4577 Blessii
1411 4515 1531 4578 schedis
1543 4533 1621 4576 usus
1634 4513 1697 4584 ille,
1706 4513 1758 4576 hio
1767 4514 1845 4596 ipsis
1858 4513 1947 4584 codd.

331 4610 489 4691 inspectis.
519 4631 647 4692 perraro
659 4632 738 4674 usus
751 4633 823 4674 sum
836 4610 925 4674 codd.
937 4609 1062 4673 duobus
1076 4608 1208 4672 Gallicis
1221 4627 1356 4689 quorum
1370 4609 1561 4671 mentionem
1575 4606 1760 4678 lecitBhra
1771 4627 1801 4689 p.
1813 4605 1874 4669 179
1886 4609 1947 4688 (ς)ι

331 4703 450 4766 codices
470 4723 526 4784 per
546 4725 579 4766 se
599 4705 776 4769 lenissimos
792 4706 845 4767 his
862 4706 898 4767 in
914 4703 990 4767 loeis
1010 4702 1170 4766 adeundos
1192 4703 1302 4765 curaui
1323 4708 1360 4764 ut
1378 4721 1432 4765 eos
1454 4703 1501 4765 ita
1523 4701 1624 4780 legere
1647 4698 1763 4763 diseno
1782 4699 1948 4763 adfirmare

331 4815 465 4877 possem.
477 4803 562 4860 totas
581 4819 658 4862 uero
676 4800 781 4862 denuo
798 4799 899 4862 excuti
918 4799 998 4860 ratic
1016 4818 1079 4861 ncn
1097 4802 1174 4860 erat.
1204 4795 1380 4858 editionum
1393 4801 1591 4857 uetustumm
1604 4792 1638 4854 in
1652 4797 1742 4855 textu
1753 4791 1947 4855 emendando

331 4891 445 4953 merita
460 4892 637 4953 accuratius
655 4912 751 4975 quam
769 4899 844 4954 aute
861 4893 982 4954 iactum
1000 4897 1068 4953 erat
1086 4889 1222 4971 exposui
1252 4887 1402 4951 lectiones
1414 4885 1583 4949 nonnullus
1596 4903 1674 4966 quas
1687 4902 1704 4946 e
1718 4883 1877 4964 ‘scriptis’
1891 4889 1948 4946 aut

333 4982 437 5044 ‘eliis’
456 4983 617 5062 sdlegauit
634 4986 796 5057 Heinsius,
810 5005 869 5066 ego
885 5004 961 5047 uero
979 5004 1079 5064 neque
1097 4985 1132 5045 in
1151 4982 1239 5044 codd
1255 4999 1356 5062 neque
1374 4980 1408 5041 in
1427 4979 1498 5043 cdd.
1513 4979 1646 5059 reperire
1663 4977 1761 5056 potui,
1775 4977 1822 5038 ita
1839 4975 1948 5038 rettuli

332 5081 370 5134 ut
381 5094 408 5137 e.
422 5094 452 5153 g.
467 5076 508 5137 ud
522 5076 541 5137 I
555 5077 615 5137 177
631 5079 702 5156 (ubi
721 5089 829 5159 postes
846 5081 972 5142 demum
992 5083 1079 5158 rupto
1096 5079 1131 5139 in
1144 5101 1162 5136 r
1176 5096 1244 5138 esec
1257 5073 1416 5154 cognoui).
1448 5073 1481 5133 in
1494 5077 1650 5155 appcratu
1663 5070 1744 5131 hunc
1756 5069 1856 5150 legem
1868 5069 1948 5132 mibi

331 5169 492 5239 constitui,
506 5174 544 5229 ut
559 5171 816 5252 quotiescumque
830 5173 916 5235 (tas
934 5171 1085 5242 differret,
1098 5174 1155 5231 aut
1168 5188 1240 5230 cum
1255 5168 1379 5230 duobus
1392 5186 1429 5228 ex
1443 5165 1532 5228 codd.
1547 5165 1576 5225 1.
1586 5163 1613 5224 F
1622 5162 1690 5225 OV
1704 5160 1854 5242 (exceptis
1867 5161 1945 5239 LF)

331 5259 384 5321 uel
402 5260 526 5340 singulo
544 5262 659 5341 quouis
676 5282 783 5325 eorum
801 5264 999 5334 consentiret,
1018 5263 1183 5325 lectionem
1202 5262 1272 5323 eius
1291 5259 1464 5330 laudarem,
1478 5264 1612 5320 tacerem
1631 5257 1746 5317 sicum
1764 5256 1786 5316 S
1801 5259 1859 5314 aut
1875 5273 1947 5315 curn

331 5354 433 5416 tribus
454 5375 563 5417 corum
583 5362 641 5416 aut
661 5375 732 5418 cum
753 5357 818 5419 LI*
838 5357 913 5419 solia
934 5362 1126 5436 congrueret.
1148 5356 1193 5417 eis
1213 5354 1291 5417 locis
1311 5353 1446 5433 exceptis
1470 5351 1526 5412 ubi
1545 5350 1708 5413 lectionem
1729 5347 1873 5430 praebuit
1891 5352 1949 5416 ant

1137 5466 1153 5517 b
