4967 6309
801 350 857 403 AD
877 350 1084 405 anement!
1104 350 1352 406 uenerem!
1371 351 1593 406 PRAEFATIO
1979 354 2009 405 xi

389 517 507 577 librum
525 516 732 599 Reginensem
751 535 878 599 quamq
898 517 1061 597 darignaui
1074 524 1107 582 et
1120 519 1368 583 ottobonianum
1386 520 1469 583 inter
1485 538 1518 583 se
1533 518 1717 598 cognatione
1729 525 1800 581 arta
1817 538 1948 581 conexos
1968 519 2009 579 ab

389 609 443 671 illo
467 610 628 689 Poggiano
651 630 713 673 non
735 610 875 691 pendere.
921 612 995 673 uide
1019 632 1100 692 quae
1124 612 1219 677 Olarlr
1247 614 1315 695 ipse
1337 614 1376 677 de
1399 614 1450 675 bis
1468 612 1562 675 rebus
1584 610 1759 674 luculenter
1778 610 1955 692 disputauit
1975 610 2009 671 in

389 702 585 783 ephemeride
605 702 751 768 cruror
772 703 892 766 Rerierr
915 703 1022 783 (xm,
1044 706 1355 786 1119111119).
1397 706 1460 769 duo
1479 706 1577 787 igitur
1595 712 1690 769 testea
1712 705 1872 776 habemur,
1885 730 1909 777 μ
1924 710 1956 765 et
1976 722 2008 783 q,

390 814 477 878 quos,
491 796 679 879 ubicumque
698 796 831 859 interae
851 804 1033 877 congruant,
1051 798 1215 861 lectionem
1238 799 1450 879 Sangalleneia
1470 798 1622 879 deperditi
1643 797 1790 879 praebere
1811 816 1916 859 secure
1937 815 2008 858 oon·

390 888 515 951 cludere
528 888 609 951 licet.

469 980 519 1043 De
532 982 651 1045 ratione
663 983 756 1045 etiam
770 1002 850 1063 quae
862 984 943 1046 inter
957 983 1187 1065 sangallensem
1204 986 1308 1065 ipsum
1322 991 1355 1048 et
1369 985 1554 1048 Vaticanum
1569 987 1755 1049 intercedere
1770 986 1897 1049 uidetur
1910 1004 2010 1067 pauca

389 1074 520 1136 dicenda
534 1083 615 1135 runt
651 1081 772 1137 constat
781 1076 839 1137 hor
850 1075 945 1138 libros
956 1078 1183 1141 necessitudine
1194 1078 1354 1140 artissima
1366 1097 1433 1140 ease
1443 1078 1726 1141 coniunctos-ott
1743 1080 1787 1159 ἄρ’
1802 1082 1872 1141 ἴσον
1886 1078 2007 1157 δίδυμα,

386 1168 444 1231 sed
465 1188 537 1231 cum
559 1166 649 1229 'Philo
670 1168 726 1230 ribi
748 1174 779 1229 et
800 1168 869 1231 aliis
891 1172 1078 1251 persuaserit
1099 1172 1334 1251 Sangallenrem
1354 1190 1372 1233 e
1393 1170 1543 1233 Vaticano
1564 1171 1751 1252 descriptum
1773 1191 1849 1241 erse,
1870 1171 1948 1233 mihi
1971 1177 2009 1232 ut

389 1280 485 1342 supra
518 1260 653 1323 indicaui
682 1260 733 1322 ille
767 1281 829 1323 non
861 1263 955 1325 hrrius
982 1263 1076 1333 filius,
1105 1270 1143 1325 ut
1176 1264 1223 1325 ita
1255 1264 1367 1331 dicam,
1396 1261 1450 1324 red
1484 1264 1588 1343 potius
1622 1264 1720 1325 irater
1751 1263 1849 1325 tuisse
1882 1261 2010 1324 uidetur

389 1360 609 1435 argumentum
624 1374 686 1434 quo
700 1354 788 1435 quari
807 1356 1019 1418 munitissimo
1032 1356 1122 1419 'l'hilo
1138 1357 1298 1418 nitebatur
1317 1354 1389 1417 inde
1410 1354 1536 1418 ductum
1559 1364 1616 1428 est,
1631 1357 1723 1436 quod,
1738 1364 1775 1417 ut
1791 1356 1890 1437 ipsius
1902 1354 2009 1417 uerbis

390 1456 471 1520 utar,
486 1459 574 1510 ‘cum
589 1446 659 1509 libri
675 1447 799 1509 secundi
815 1450 1072 1511 uerru1213-242
1090 1450 1138 1511 bis
1158 1450 1264 1530 scripti
1280 1449 1390 1511 sintin
1407 1449 1566 1519 Vaticano,
1582 1469 1689 1511 uersus
1704 1450 1765 1511 240
1782 1450 1838 1529 qui
1856 1448 1889 1509 ia
1907 1447 2009 1528 priore

390 1542 544 1624 scriptura
568 1542 701 1602 omissus
722 1546 770 1602 est
791 1540 905 1621 legitur
926 1543 957 1603 in
982 1541 1089 1613 altera,
1114 1544 1148 1604 in
1170 1542 1316 1605 omnibus
1341 1542 1428 1605 deest
1451 1542 1658 1621 Sangallensis
1680 1540 1879 1624 apographis,
1901 1545 2010 1603 contra

389 1632 502 1695 habuit
523 1630 731 1711 Sangallensis
754 1651 825 1693 curn
846 1634 946 1713 priore
968 1636 1121 1717 scriptura
1136 1637 1280 1699 Vaticani
1303 1656 1428 1699 uersum
1451 1637 1508 1698 241
1532 1656 1625 1717 quem
1652 1638 1773 1698 omittit
1792 1632 1911 1698 altera'
1953 1632 2008 1695 sed

390 1727 448 1789 hoc
462 1732 680 1804 argumentum
694 1730 726 1785 et
739 1723 800 1786 alia
813 1725 879 1787 eius
894 1726 977 1788 modi
992 1738 1068 1791 sunt
1083 1731 1134 1807 (ut
1155 1730 1216 1791 iem
1231 1729 1325 1793 carr
1341 1730 1437 1805 uidit)
1454 1729 1546 1791 ualde
1566 1728 1697 1797 infirma,
1709 1747 1780 1789 cum
1801 1746 1865 1788 non
1884 1724 2008 1808 probari

389 1819 488 1899 poerit
505 1818 607 1898 ipsum
629 1817 828 1899 archetypum
847 1817 989 1881 Vaticani
1010 1821 1164 1903 duplicem
1187 1824 1372 1904 scripturam
1393 1822 1479 1883 illam
1498 1841 1560 1882 non
1580 1821 1762 1883 exhibuisse.
1805 1827 1922 1887 eontra,
1935 1836 2007 1879 cunr

390 1909 591 1991 gemellorum
606 1910 746 1972 crebrum
768 1910 848 1971 inter
868 1932 900 1973 se
922 1932 1103 1977 courenmm
1125 1914 1156 1976 in
1180 1915 1301 1977 mendis
1324 1914 1446 1995 pusillis
1466 1914 1554 1995 parui
1575 1915 1677 1975 iacere
1697 1914 1826 1974 minime
1847 1910 1953 1982 uelim,
1966 1909 2007 1971 ad

390 2004 422 2065 id
442 2010 546 2083 spreoto
561 2002 645 2084 quod
663 2002 695 2063 in
714 2004 911 2082 septuaginta
931 2005 982 2067 uel
1003 2008 1162 2085 octoginta
1183 2008 1257 2068 locis
1271 2008 1300 2067 V
1315 2007 1494 2069 mendosam
1516 2006 1538 2068 S
1559 2026 1664 2068 ueram
1686 2006 1847 2068 lectionem
1869 2003 2006 2085 praebet,

390 2099 423 2158 in
437 2097 593 2176 plerisque
607 2096 731 2175 quidem
746 2103 919 2157 conectam
935 2098 981 2159 ita
1001 2098 1169 2161 manitasta
1190 2106 1237 2161 est
1260 2107 1297 2160 ut
1317 2101 1367 2161 uel
1386 2096 1570 2161 semidoctus
1591 2100 1738 2161 librarius
1751 2098 1853 2181 qualis
1867 2097 1890 2160 8
1902 2116 2007 2159 arara·

390 2190 471 2251 uerit
492 2188 558 2267 ipae
579 2186 669 2247 iacile
687 2185 847 2247 emendarc
867 2195 980 2267 possm,
996 2189 1049 2251 sed
1073 2192 1221 2253 nonnulla
1245 2201 1320 2255 sunt
1338 2192 1500 2273 inquibus
1519 2191 1606 2253 illum
1628 2212 1686 2253 suo
1706 2198 1806 2255 marte
1825 2210 1936 2254 uerum
1957 2208 2007 2251 ex·

390 2281 512 2343 cudisse
532 2302 657 2363 prorsus
680 2280 856 2343 incredibile
877 2280 1010 2344 uidetur.
1055 2286 1198 2366 inprimis
1220 2287 1323 2348 citabo
1336 2285 1354 2345 I
1368 2285 1520 2355 111658,
1534 2284 1587 2345 111
1605 2284 1675 2355 257,
1689 2286 1760 2356 885,
1773 2294 1806 2347 ο1
1825 2283 2006 2365 praesertim

390 2375 407 2435 I
429 2374 489 2433 679
504 2375 558 2435 ubi
573 2378 668 2457 (quod
685 2382 789 2455 miror)
804 2401 910 2443 omnes
923 2380 1056 2442 editores
1077 2379 1191 2440 taleam
1216 2381 1377 2441 lectionem
1392 2378 1535 2439 Vaticani
1558 2386 1743 2459 receperunt
1786 2378 1893 2441 confer
1911 2376 2006 2439 etiam

390 2470 407 2529 Ι
435 2467 505 2536 527,
532 2469 602 2539 608,
627 2472 1105 2545 8111111111131111
1130 2475 1177 2545 76,
1205 2476 1272 2535 194.
1316 2473 1358 2535 ad
1384 2492 1463 2553 quae
1490 2472 1631 2553 exempla
1657 2472 1719 2534 duo
1744 2472 1858 2534 dinami
1887 2470 2008 2549 generis

390 2562 587 2644 adgregando
602 2566 664 2632 nbi.
680 2586 749 2628 curn
765 2566 794 2626 V
806 2574 874 2629 turn
891 2568 912 2629 S
926 2568 1115 2649 corruptelae
1131 2568 1360 2649 praebentibus,
1376 2566 1471 2627 huius
1486 2573 1590 2627 maren
1605 2566 1695 2627 lectio
1709 2566 1813 2627 minus
1833 2586 1853 2627 a
1872 2564 2009 2643 genuina

391 2658 522 2720 recedit:
544 2660 729 2729 1111615.
774 2662 890 2723 aceedit
910 2669 1130 2741 argumentum
1152 2660 1237 2723 haud
1258 2660 1337 2729 leue,
1353 2657 1436 2740 quod
1458 2656 1791 2739 Olarh(op.cit.124)
1812 2656 2006 2719 euarbirin

392 2750 414 2811 S
428 2752 550 2813 omissis
562 2752 661 2815 duxit.
697 2774 775 2835 quaa
789 2756 923 2817 rationes
938 2775 1008 2816 curn
1020 2754 1160 2817 'I'hilonis
1173 2754 1345 2816 sententiae
1356 2771 1520 2833 opponam,
1533 2751 1765 2831 Sangdlenrem
1775 2759 1808 2814 et
1819 2751 2006 2813 Vaticanum

389 2861 426 2904 ex
440 2842 548 2905 eodem
563 2846 737 2927 archctppo,
752 2848 818 2929 ipso
838 2847 923 2909 haud
945 2846 1139 2909 mediocriter
1159 2845 1316 2916 mendoso,
1331 2844 1500 2925 descriptos
1514 2866 1580 2909 ease
1594 2846 1638 2908 ita
1651 2866 1768 2917 censeo,
1782 2852 1820 2907 ut
1834 2846 1867 2907 in
1880 2865 1914 2907 re
1927 2865 2008 2925 quae

391 2955 453 2996 uon
467 2934 565 2999 oculis
579 2958 614 2999 ac
627 2938 771 3001 manibus
784 2942 881 3002 teneri
897 2940 994 3022 possit
1008 2940 1111 3002 adhuc
1125 2940 1226 3002 locum
1241 2958 1309 3001 ease
1322 2936 1511 3000 dubitationi
1526 2939 1678 3002 confitear.

473 3052 489 3093 c
531 3032 621 3112 signo
641 3033 785 3095 denotaui
807 3034 941 3096 codicem
961 3054 982 3095 a
1002 3032 1149 3097 carrione
1171 3034 1313 3103 citatum,
1335 3030 1425 3094 cuius
1444 3029 1598 3101 lectionar,
1616 3032 1800 3093 auctoritate
1820 3038 1968 3100 carentes,
1988 3051 2008 3091 a

391 3126 547 3187 Carrionia
564 3127 662 3207 ipaiur
683 3127 864 3189 coniecturis
885 3147 946 3189 non
967 3128 1058 3189 tacile
1076 3134 1124 3188 eat
1144 3128 1354 3205 distinguere;
1376 3124 1460 3206 quod
1476 3143 1537 3185 non
1551 3124 1682 3185 nimium
1696 3124 1811 3187 laboro.
1854 3123 2006 3185 librorum

390 3219 446 3297 qui
466 3218 538 3279 Vm
558 3219 762 3298 designentur
783 3219 999 3282 collationibus
1021 3240 1099 3300 quus
1120 3219 1211 3280 Thilo
1235 3220 1269 3280 in
1289 3218 1424 3279 editione
1446 3238 1502 3281 sua
1523 3218 1629 3295 (1863)
1650 3218 1808 3297 praestitit
1829 3237 1906 3280 urus
1926 3236 2006 3278 sum.

391 3332 471 3392 quae
499 3313 682 3392 supradixi
707 3313 848 3393 perlectis
875 3314 964 3375 iacile
991 3312 1189 3391 intellegetur
1217 3333 1249 3373 m
1277 3311 1354 3373 nihil
1384 3311 1576 3373 auctoritatis
1601 3311 1714 3373 habere
1740 3312 1800 3373 nisi
1828 3312 1861 3372 in
1888 3310 2007 3373 lacunis

391 3404 542 3467 Vaticani.
586 3426 723 3466 errorum
738 3406 909 3468 triuialium
931 3412 963 3468 et
984 3406 1137 3467 minorum
1155 3425 1232 3487 quos
1247 3406 1275 3463 V
1290 3402 1416 3485 praebet
1437 3404 1630 3466 selectionem
1653 3406 1728 3465 ratis
1748 3403 1904 3485 copiosam
1925 3402 2007 3471 dedi,

392 3503 429 3558 ut
449 3496 545 3559 lector
565 3499 632 3577 ipae
650 3498 819 3559 diiudicare
839 3499 936 3579 possit
951 3498 1053 3578 qualis
1074 3499 1124 3559 lric
1145 3498 1237 3560 codex
1260 3500 1310 3558 sit.
1353 3497 1548 3560 Matritensis
1563 3504 1594 3559 et
1608 3498 1791 3560 Oronieusis
1812 3496 2007 3559 collationem

392 3609 481 3652 suam
493 3610 547 3671 per
562 3591 637 3651 mihi
653 3583 782 3670 benigne
796 3590 925 3653 tradidit
938 3592 974 3652 Α.
992 3593 1026 3654 (l.
1041 3592 1145 3659 Clark.
1161 3593 1210 3653 uir
1227 3592 1442 3660 amicissimus,
1457 3592 1507 3653 cui
1521 3592 1571 3652 hic
1591 3592 1707 3669 gratias
1720 3591 1828 3653 reiero.
1873 3591 1905 3651 in
1919 3597 2007 3652 textu

392 3706 445 3747 eae
465 3686 587 3748 litterae
601 3688 713 3766 quihus
727 3686 805 3748 nihil
819 3688 851 3748 in
865 3686 893 3747 V
907 3694 963 3749 aut
979 3687 1000 3747 S
1016 3687 1181 3767 respondet
1202 3686 1366 3746 inclinatas
1386 3685 1510 3745 exhibui
1532 3694 1564 3746 et
1584 3704 1828 3764 nonnumquam,
1843 3684 2007 3745 breuitatis

392 3780 560 3847 studiosus,
575 3780 605 3839 iu
621 3779 872 3842 adnotationibus
892 3780 930 3841 de
951 3780 1081 3841 lectione
1102 3777 1240 3839 codicum
1265 3778 1343 3838 nihil
1364 3777 1479 3839 addidi.
1523 3779 1553 3838 iu
1575 3778 1662 3838 libris
1683 3777 1761 3837 I·IV
1775 3775 1845 3845 817,
1860 3777 2007 3857 quotiens

392 3873 483 3935 lectio
502 3871 608 3952 aliqua
629 3872 658 3932 V
680 3871 735 3932 soli
760 3872 952 3934 adtribuitur
971 3881 1003 3933 ct
1029 3871 1115 3933 nulla
1137 3874 1253 3933 mentio
1276 3870 1486 3948 Sangalleuria
1506 3871 1754 3951 apographorum
1776 3871 1820 3939 fit,
1844 3869 1941 3931 lector
1961 3870 2006 3929 iu-

392 3965 520 4045 tellegat
535 3966 556 4027 S
570 3965 617 4043 (id
628 3974 684 4034 est,
699 3970 761 4045 pq)
777 3986 845 4026 cum
862 3966 891 4026 V
905 3986 1088 4045 congruere3
1112 3965 1227 4027 scilicet

897 4115 934 4181 V,
951 4115 1095 4194 quotiens
1109 4113 1147 4174 de
1162 4112 1214 4191 Sp
1227 4133 1246 4192 q
1263 4112 1380 4177 siletur,
1391 4141 1414 4161 =
1433 4111 1501 4171 VS.

473 4281 500 4327 o.
516 4261 642 4322 omnino
656 4261 862 4339 nugatorium,
877 4278 1031 4340 nusquam
1049 4258 1162 4331 citaui;
1185 4278 1298 4337 prato.
1314 4257 1367 4317 sed
1388 4257 1419 4316 iu
1441 4254 1507 4314 loco
1528 4272 1590 4313 uno
1608 4258 1641 4313 et
1659 4251 1756 4311 altero
1775 4270 1836 4311 non
1859 4251 1925 4311 aine
1948 4269 2008 4311 usu

392 4362 440 4413 est
453 4353 570 4434 quippe
583 4354 638 4432 qui
653 4353 795 4413 lectiones
814 4352 928 4433 primae
948 4352 1153 4418 Matritensis,
1169 4350 1333 4430 postmodo
1348 4370 1368 4409 a
1384 4344 1604 4408 correctoribus
1624 4362 1727 4405 erasus
1747 4342 1796 4403 uel
1816 4342 2006 4411 obscuratae,

392 4446 545 4514 adseruet,
561 4454 597 4506 ut
612 4445 732 4507 monuit
748 4446 848 4508 Olarlr.
892 4446 1083 4506 coniecturae
1104 4444 1243 4504 uirorum
1265 4442 1427 4504 doctorum
1450 4458 1543 4500 manu
1565 4438 1641 4499 satis
1661 4436 1748 4516 larga
1768 4436 1800 4495 in
1820 4440 2004 4515 apparatum

392 4539 534 4601 criticum
548 4539 668 4608 inclusi,
683 4540 739 4601 hoc
753 4540 784 4600 in
799 4546 884 4601 textu
900 4538 1082 4619 corruptelis
1097 4543 1234 4599 scatente
1248 4556 1311 4597 non
1325 4535 1436 4597 inutile
1450 4531 1650 4595 arbitratus.''

475 4631 580 4695 Valeri
594 4632 695 4694 Flacci
712 4632 811 4693 scidae
830 4633 947 4711 primae
968 4631 1075 4692 solidis
1096 4630 1179 4712 typis
1198 4629 1393 4691 excutiendae
1406 4625 1577 4708 typothetie
1592 4629 1667 4686 sunt
1684 4623 1824 4685 redditae
1839 4623 1919 4703 prid.
1934 4622 2006 4684 Kal.

393 4726 499 4794 Mart..
516 4724 644 4787 ultimae
659 4727 706 4786 16.
721 4725 815 4786 Mart.
833 4726 919 4785 1900.

474 4899 560 4961 Haeo
580 4905 663 4969 sunt,
678 4900 832 4961 Beneuole
846 4900 966 4969 Lector,
980 4918 1060 4979 quae
1075 4898 1113 4959 de
1135 4898 1192 4959 hac
1213 4898 1312 4959 nostri
1334 4898 1436 4977 operia
1456 4894 1611 4976 particula
1631 4894 1664 4952 irr
1685 4910 1831 4972 praesens
1851 4889 2007 4950 mouenda

393 4990 590 5052 uidebantur.
618 5011 701 5051 nunc
715 4991 815 5052 ualere
834 4991 877 5052 'I'e
894 4997 936 5061 et,
950 4993 1030 5053 sicut
1049 4991 1137 5060 soles,
1152 4991 1284 5069 inceptis
1302 4989 1416 5051 nostris
1437 4988 1544 5049 iuuere
1564 4994 1595 5048 et
1617 4984 1716 5045 sicubi
1731 4984 1764 5043 in
1785 4980 1904 5061 aliquid
1922 4982 2006 5060 quod

393 5089 550 5144 mutatum
563 5083 792 5144 uelieiucideria
805 5083 891 5145 illam
902 5085 1036 5165 denique
1049 5084 1088 5145 de
1102 5103 1167 5164 qua
1177 5083 1209 5143 in
1220 5082 1334 5162 prioris
1343 5082 1422 5142 tomi
1432 5080 1623 5161 praelatione
1636 5079 1699 5137 iam
1714 5075 1859 5145 diximus,
1873 5074 2006 5136 fortuee

392 5176 453 5238 tibi
467 5177 712 5238 satisfacturam
726 5182 899 5257 exspectare
912 5178 1113 5257 appendicem

476 5272 673 5331 Scurrarrrva
686 5270 932 5331 Cruraearorra
947 5271 996 5330 In.
1012 5271 1122 5331 Mrar.
1139 5286 1275 5329 sanctur
1290 5268 1425 5330 XVIIII
1439 5285 1515 5327 roan
1529 5266 1612 5328 Ona.
1628 5282 1700 5324 nar.
1716 5280 1807 5324 anno
1821 5278 1955 5322 varmo.
