4967 6309
704 338 782 391 ΡΗΑ
790 338 886 391 nnn!
907 334 1150 391 FABVLARVJI
1170 332 1426 386 assonantur!
1447 332 1661 385 nl’r‘unrnn·

373 512 464 575 (quem
476 506 499 558 si
511 505 660 573 occuparis,
674 512 787 563 ιιιιιιιι
804 502 927 569 elapsum
939 500 1022 554 semel

373 565 957 699 'stultnrrllllilhuutrhllr‘l

408 701 527 753 Eil'ectns
539 696 686 765 impediret
697 712 731 748 ae
743 695 835 771 sepiis
846 710 931 755 moro,
953 758 959 769 ·

374 767 476 818 linxere
488 762 596 831 antiqui
609 761 692 815 talern
705 760 821 825 effigiem
835 758 982 825 Temporis

565 927 597 968 lx
631 918 761 979 [rnl'ltt'fl
779 924 816 965 lii*
833 916 970 977 l'l'l'l'hl'li]

407 1023 535 1087 Angusto
547 1018 575 1071 in
588 1016 667 1071 aditu
680 1025 777 1070 tauma
789 1014 897 1069 luctans
909 1016 1035 1069 cornibus

373 1103 436 1139 curn
447 1085 494 1137 uix
508 1084 612 1137 intrare
703 1088 716 1135 ι
726 1080 762 1135 sd
774 1081 923 1151 praesepis,

374 1150 545 1203 monstrabat
557 1148 618 1201 uitu
632 1164 664 1199 us
675 1164 731 1215 quo
742 1164 771 1199 se
783 1154 864 1215 pacm
875 1146 1003 1201 flecteret.

379 1216 465 1268 ‘Tace
477 1214 499 1271 ι’
517 1213 610 1281 inquit
623 1218 704 1265 ‘anto
717 1211 767 1263 hoc
780 1212 845 1264 noui
857 1218 888 1264 tu
900 1229 982 1279 quam
996 1220 1076 1265 natus
1088 1210 1135 1265 es.'

408 1280 462 1345 Qui
472 1279 620 1333 doctiorem
632 1276 772 1341 emendat,
784 1276 838 1331 sibi
849 1276 904 1331 dici
916 1284 1002 1347 putet.
1144 1286 1158 1342 5

1353 596 1375 637 Χ
1408 588 1509 651 [CANiS
1526 594 1564 637 m·
1580 595 1631 637 svs
1648 595 1686 638 er
1702 589 1855 650 remmon]

1245 689 1387 742 Aduersus
1397 706 1493 743 onrnes
1504 688 1584 741 lortis
1595 694 1625 741 et
1635 687 1716 741 uelox
1729 689 1801 741 lem·

1210 755 1286 807 canis
1298 770 1359 806 cunr
1372 754 1482 808 domino
1494 770 1600 822 semper
1611 754 1808 815 fecissemus,

1211 818 1341 885 languere
1352 821 1443 897 cssepit
1452 820 1533 872 suuis
1545 819 1763 885 ingrauantibus.

1210 882 1359 961 aliquando
1370 885 1494 937 abracius
1505 884 1604 951 hispidi
1618 900 1726 952 pugnae
1736 883 1794 936 suis

1210 948 1333 1015 adnpmt
1344 965 1446 1027 aurens,
1459 948 1506 1001 sed
1519 948 1630 1001 cariosis
1641 948 1771 1001 dentibus
1981 964 1995 1018 5

1212 1014 1341 1080 praedam
1353 1013 1466 1067 dimitat.
1503 1013 1554 1065 hoc
1566 1020 1632 1065 tunc
1644 1020 1759 1065 uenator
1769 1012 1865 1066 dolens

1211 1094 1306 1131 canem
1318 1078 1490 1141 obiurgabat.
1527 1079 1571 1129 cni
1584 1093 1666 1129 senex
1679 1085 1775 1131 contra
1786 1077 1909 1131 latrans:

1214 1148 1221 1172 ⁸
1231 1144 1256 1195 N
1259 1160 1294 1195 on
1306 1149 1334 1194 te
1346 1142 1475 1195 destituit
1486 1143 1604 1205 animus,
1617 1142 1664 1194 sed
1678 1143 1751 1195 uires
1761 1158 1845 1195 ureae.

1211 1207 1283 1276 qnod
1296 1206 1399 1260 luimus
1412 1206 1503 1269 lauda,
1517 1208 1543 1259 si
1553 1208 1609 1259 ianr
1621 1206 1737 1259 «laninas
1767 1207 1820 1261 uod
1832 1208 1945 1261 sitinus'

1245 1272 1305 1325 Hoc
1315 1288 1373 1337 cur,
1387 1272 1503 1335 Philete,
1516 1272 1678 1341 scripserim,
1691 1271 1755 1341 pulc
1774 1288 1803 1327 re
1814 1272 1899 1327 uides
1965 1288 1996 1327 ιο

670 1945 893 1999 FABVLARVM
920 1944 941 1995 E
966 1944 1158 1995 colueritis
1183 1942 1402 1994 PEROTTINIS
1428 1942 1702 1995 EXCERPTARVM

596 2124 608 2167 1
641 2114 755 2179 [snuvs
772 2124 810 2165 rr
827 2114 951 2176 vrurra]

412 2214 532 2277 [dmm
543 2216 695 2279 ²2qu
705 2216 752 2265 '5¹³¹
761 2210 1127 2278 fflfflflmlibffliufffli
1213 2236 1333 2295 rirreeha,
1347 2242 1593 2303 utsequatursese
1623 2234 1715 2301 uroqui

1184 2279 1186 2349 i
1213 2301 1289 2351 indat
1302 2300 1473 2359 Mercurium
1491 2299 1564 2351 intro
1623 2307 1692 2351 eunt
1703 2298 1839 2352 mulieres.

1184 2370 1186 2398 ²
1213 2364 1345 2417 lurbatus
1356 2364 1448 2417 inians
1458 2380 1520 2417 ecce
1531 2364 1642 2429 napitas
1653 2363 1713 2417 ciel.

1184 2428 1186 2440 '
1212 2429 1238 2481 id
1252 2428 1322 2482 forte
1334 2429 1462 2482 meretrix
1475 2446 1537 2481 curn
1549 2429 1649 2482 rideret
1661 2427 1790 2489 ualidius,

1183 2507 1186 2520 ·
1212 2511 1291 2547 nares
1303 2494 1420 2562 repleuit
1431 2510 1518 2554 umor,
1532 2500 1565 2546 ut
1576 2494 1634 2546 lieri
1646 2492 1723 2545 solet.

409 2315 526 2383 Vulpem
539 2316 655 2383 rogabat
667 2323 775 2384 partem
787 2315 892 2369 caudae
903 2314 1008 2376 simius,

376 2389 518 2457 contegere
530 2381 644 2435 honeste
736 2388 793 2459 ιιιι
804 2380 893 2433 nudas
905 2387 992 2433 nates.

376 2446 420 2497 cui
432 2462 470 2497 sic
482 2445 621 2512 nrnligna:
643 2451 649 2475 ¹
699 2462 778 2562 ιιῗιοι
790 2446 839 2497 liat
851 2445 924 2520 licet,

377 2518 467 2562 tamen
480 2510 556 2562 illam
569 2510 651 2563 citius
664 2526 712 2579 per
735 2517 813 2562 utum
826 2516 854 2563 et
866 2525 959 2576 spinas
972 2506 1089 2567 traham,

1211 2104 1284 2219 ιΙμιοιΙ
1297 2120 1450 2181 quaequeo
1513 2104 1555 2158 “ι.’
1587 2111 1676 2157 mater
1685 2102 1845 2180 suppliciter
1855 2108 1942 2169 ropat,

1222 2170 1358 2223 turbatum
1371 2179 1403 2221 ut
1415 2186 1444 2222 ιιι
1464 2176 1619 2222 catastam
1630 2184 1933 2299 (ιιιιιιὶιὼιιιίιὲιιιήἱιιιιιιι
1944 2188 1952 2227 t
1964 2248 1994 2285 10

377 2574 427 2627 tibi
438 2590 521 2643 quarn
534 2582 640 2643 partum
652 2580 781 2644 quamuis
793 2591 908 2644 parumn
919 2574 1078 2642 impertiar.¹
1144 2584 1158 2638 5
1183 2555 1186 2615 Ι
1210 2576 1357 2623 crnunpere
1368 2561 1453 2625 igitur
1464 2576 1493 2611 se
1505 2558 1600 2611 uolens
1612 2557 1720 2626 prendit
1732 2573 1816 2610 marm
1965 2572 1973 2608 ι
1979 2570 1992 2623 5

677 2758 701 2801 ιι
734 2748 877 2811 [muros]

548 2850 615 2913 [Non
626 2866 678 2901 esse
688 2852 745 2914 phu
755 2866 834 2913 aequo
843 2846 987 2913 petendum]

409 2950 533 3004 Arbitrio
543 2952 568 3003 sl
579 2964 681 3005 natura
692 2951 818 3004 finxisset
829 2966 891 3003 ruso

375 3032 461 3081 penus
473 3016 596 3078 mortale,
610 3016 691 3082 longe
702 3015 773 3069 foret
784 3015 962 3068 instructius:

375 3097 438 3133 nani
447 3088 548 3133 cuncta
559 3080 637 3133 nobis
648 3080 822 3133 attribuisset
833 3079 975 3133 commoda

375 3161 446 3262 olum
457 3146 501 3198 cui
515 3146 637 3198 Fortuna
649 3145 795 3212 indulgens
806 3144 920 3198 animali
932 3118 1026 3197 dedit:

374 3226 389 3262 e
401 3210 513 3277 ephsnti
526 3211 600 3263 uires
611 3217 639 3264 et
651 3210 738 3263 leonis
750 3211 893 3277 impetum,
1143 3220 1157 3275 5

374 3274 488 3327 cornicis
499 3290 610 3337 aeuum,
623 3274 739 3353 gloriam
751 3274 824 3327 tauri
838 3275 931 3334 trucis,

374 3340 437 3406 equi
450 3340 551 3392 uelocis
563 3340 700 3407 placidam
713 3339 962 3401 mansuetudinem,

375 3412 404 3456 et
415 3404 523 3458 adesset
535 3405 639 3457 homini
650 3420 702 3457 sua
713 3412 807 3458 tamen
819 3404 950 3457 sollertia.

374 3470 504 3522 nimirum
516 3470 544 3522 in
557 3470 634 3523 caelo
644 3486 737 3523 securn
749 3470 822 3523 ridet
834 3470 866 3522 lu
886 3469 966 3537 piter,

374 3533 441 3587 haec
452 3536 500 3601 qui
512 3535 627 3601 negauit
638 3550 739 3603 magno
750 3485 1037 3596 consiliohorninibus,
1129 3547 1159 3584 ιο

375 3616 408 3651 ne
419 3606 556 3667 sceptrum
569 3600 665 3652 mundi
678 3606 785 3666 raperet
797 3606 892 3651 nostra
902 3598 1024 3651 audacia

408 3664 480 3727 Erpo
492 3666 615 3717 contenti
627 3680 740 3717 munere
751 3663 849 3717 inuicti
862 3663 936 3715 louis

373 3728 467 3781 fatalis
479 3745 564 3781 annos
576 3730 752 3782 decurramus
764 3729 903 3797 temporis,

374 3810 423 3847 nec
435 3793 497 3862 plus
507 3810 638 3848 conemur
649 3810 733 3863 quarn
744 3794 813 3847 sinit
824 3792 986 3846 mortalitas.

478 3973 513 4013 ιιι
546 3963 729 4026 [usucrruvs
747 3972 785 4013 rr
803 3972 885 4013 orsu
902 3962 1063 4024 ursmaro]

610 4064 659 4127 [us
669 4066 754 4114 ωι-
765 4062 925 4125 naiasin]

407 4166 574 4219 Mercurium
587 4166 636 4217 hos
656 4165 707 4219 itio
719 4163 846 4218 mulieres
858 4164 924 4217 olim
934 4163 1005 4217 duae

374 4231 510 4284 inliberali
522 4239 550 4284 et
561 4182 671 4307 sordido
682 4237 855 4299 receperant:
992 4293 998 4305 ·

372 4312 489 4364 quarunt
502 4313 558 4349 una
569 4297 597 4348 in
609 4312 688 4349 curus
700 4312 817 4363 paruum
830 4293 949 4347 babebat
961 4292 1056 4354 fihurn,

372 4370 504 4429 quamtus
516 4360 641 4427 placebat
652 4360 734 4413 alteri
746 4358 922 4429 meretricius

373 4442 437 4491 erpo
449 4435 480 4477 ut
492 4426 604 4477 referret
665 4426 733 4478 tiam
745 4424 840 4476 officiis
852 4440 951 4491 parem,

373 4491 498 4543 abiturus
509 4498 538 4543 et
549 4491 605 4543 iam
630 4491 701 4542 'men
713 4488 847 4543 excedens
858 4488 915 4542 ait:

375 4555 482 4609 ‘Deum
493 4555 595 4609 uidetis
605 4575 613 4617 ;
630 4555 751 4607 tribuam
762 4554 841 4607 uobis
854 4554 987 4621 protinus,

1211 2625 1352 2691 traxitque
1363 2624 1399 2676 ad
1411 2632 1512 2677 terram
1524 2624 1584 2675 nssi
1596 2622 1806 2689 longitudinem,

1210 2696 1239 2742 et
1250 2688 1335 2742 aliam
1346 2689 1438 2743 ridens
1449 2689 1509 2757 ipsa
1520 2687 1634 2741 ridenda
1645 2686 1762 2741 exstitit.

1367 2872 1399 2912 IV
1432 2862 1643 2924 [recurram
1661 2869 1698 2911 m·
1715 2859 1821 2922 DOLVS]

1427 2961 1476 3023 [De
1486 2964 1593 3011 ιιιιίιιιι
1603 2968 1630 3011 ιι
1639 2958 1777 3023 ιιιιιιᾰιιιο]

1242 3060 1315 3113 Olim
1329 3060 1508 3113 Prometheus
1519 3058 1622 3112 saeculi
1634 3059 1735 3126 ligulas
1746 3058 1811 3113 noui

1209 3133 1285 3178 creta
1295 3126 1391 3179 subtili
1405 3126 1558 3179 Veritatem
1570 3126 1681 3187 lecerat,

1210 3197 1242 3243 ut
1254 3191 1314 3243 iura
1325 3198 1416 3258 mosea
1427 3191 1500 3243 inter
1510 3189 1634 3241 immines
1645 3189 1764 3243 reddere.

1209 3256 1301 3307 subito
1312 3257 1460 3309 accersitus
1472 3256 1571 3307 nuntio
1581 3255 1675 3333 magni
1688 3254 1763 3307 louis

1209 3320 1383 3374 unnmendat
1393 3320 1529 3373 officinam
1540 3319 1633 3373 fallaci
1644 3319 1724 3381 Dolo,
1978 3334 1990 3383 ς

1210 3384 1236 3436 in
1251 3385 1318 3437 disci
1339 3386 1423 3438 linant
1434 3400 1521 3452 nuper
1531 3401 1612 3452 quem
1625 3390 1770 3451 receperat

1210 3448 1254 3502 hic
1265 3458 1312 3502 stu
1332 3451 1358 3503 io
1369 3466 1507 3511 accensus,
1521 3450 1591 3501 faeie
1601 3450 1777 3501 simulacrum
1789 3448 1858 3515 pari,

1210 3532 1266 3567 ιιιιι
1277 3523 1394 3577 statura,
1408 3514 1497 3568 simile
1509 3519 1537 3567 et
1548 3514 1677 3566 membris
1688 3514 1823 3575 omnibus,

1208 3580 1275 3631 dum
1287 3589 1395 3649 tempus
1406 3580 1514 3642 babuit,
1526 3579 1629 3631 callida
1639 3579 1721 3632 finxit
1732 3594 1824 3631 manu.

1209 3644 1281 3711 quod
1294 3662 1343 3712 pro
1387 3646 1443 3697 isra
1454 3652 1545 3697 totum
1558 3644 1625 3695 mire
1636 3660 1698 3695 curn
1721 3645 1830 3696 tositum
1842 3642 1921 3707 iulet,
1959 3658 1989 3695 ιο

1210 3708 1300 3761 lutum
1312 3662 1499 3762 mffmieudos
1510 3708 1552 3762 illi
1563 3708 1663 3760 defecit
1675 3660 1764 3776 pedes.

1209 3774 1292 3827 rediit
1303 3791 1330 3827 m
1369 3775 1374 3787 '
1391 3782 1451 3834 terr
1467 3789 1523 3842 quo
1533 3773 1699 3826 festinantes·
1709 3772 1796 3826 Dolus

1210 3848 1286 3892 ructu
1299 3847 1346 3892 tur
1383 3847 1428 3892 tus
1440 3840 1468 3891 in
1481 3856 1531 3890 suo
1542 3838 1614 3890 sedit
1625 3837 1691 3890 loco.

1209 3905 1312 3957 ruimus
1325 3904 1502 3956 Pmmetheus
1513 3910 1620 3955 tantam
1633 3902 1850 3966 similitudinem,

1209 3969 1332 4047 propriae
1343 3969 1432 4021 uideri
1443 3968 1533 4020 uoluit
1544 3968 1611 4019 artis
1622 3968 1744 4032 gloriam.
1959 3982 1987 4035 15

1209 4036 1295 4101 igitur
1305 4033 1409 4086 fornaci
1421 4034 1524 4099 pariter
1535 4032 1590 4084 duo
1601 4033 1680 4098 signa
1691 4032 1786 4086 intulit
1796 4051 1804 4094 ι

1208 4099 1309 4166 quibus
1320 4099 1451 4165 percoctis
1461 4106 1546 4165 atque
1558 4098 1649 4149 inluso
1659 4116 1672 4146 s
1684 4098 1767 4159 siritu,

1208 4164 1331 4216 nioslesto
1341 4179 1436 4228 gressu
1447 4170 1545 4215 sancta
1553 4162 1665 4215 incessit
1674 4114 1803 4223 h'eritas3

1207 4236 1237 4281 ιι
1250 4235 1347 4281 trunca
1358 4228 1461 4305 species
1472 4227 1561 4279 haesit
1572 4228 1601 4279 in
1614 4228 1739 4293 uestigio.

1207 4303 1274 4346 tunc
1285 4293 1356 4345 falsa
1368 4309 1459 4359 imago
1469 4300 1555 4360 atque
1566 4293 1654 4359 operis
1665 4292 1763 4345 iurtiui
1775 4292 1852 4345 labor
1957 4308 1989 4345 ιο

1208 4358 1382 4411 Mendacium
1393 4374 1430 4425 ap
1449 4356 1562 4433 ¹llntnrn
1574 4364 1616 4410 est
1626 4377 1633 4415 t
1650 4358 1721 4425 quod
1735 4359 1899 4424 negantibus

1139 4436 1152 4490 5
1205 4424 1287 4493 pedes
1298 4422 1398 4475 habere
1405 4440 1428 4491 p
1447 4422 1573 4489 dosophis
1583 4423 1730 4475 consentio.

1238 4488 1376 4541 Simulata
1386 4487 1524 4539 interdum
1537 4485 1617 4539 initio
1629 4494 1743 4553 prosunt
1754 4487 1918 4554 horninibus,

1205 4554 1254 4606 sed
1266 4561 1387 4620 tempore
1398 4553 1458 4620 ipso
1470 4560 1563 4605 tameo
1574 4558 1689 4619 apparet
1699 4552 1809 4606 ueritas

432 4700 519 4756 ulli.
532 4700 594 4757 102).
628 4700 759 4757 [dealem
775 4697 1095 4757 Ritterslr.,plertrrrtPR
1127 4698 1179 4743 itu
1190 4696 1246 4743 add.
1260 4697 1326 4744 Pith⁴
1339 4700 1396 4755 post
1405 4710 1487 4753 meant,
1499 4699 1558 4741 ιιιιι
1567 4708 1641 4753 quam
1652 4694 1775 4753 Postgate.
1830 4693 1911 4753 ΠΗ.
1925 4698 1985 4750 103).

375 4760 450 4807 lnscr.
468 4772 546 4808 carra
562 4770 594 4807 n·
608 4770 708 4807 exutus
725 4770 756 4807 tr
771 4770 831 4807 van.
851 4760 909 4813 PR,
929 4772 971 4806 aur
988 4758 1049 4804 coni
1068 4756 1151 4803 Orelli.
1183 4757 1254 4803 thie
1270 4755 1328 4812 PR,
1345 4757 1389 4801 hoc
1403 4754 1488 4802 hluell.
1521 4754 1642 4799 'llattuns
1658 4754 1715 4807 PR.
1733 4755 1816 4801 Ικιοοιι
1831 4756 1912 4802 Bentl.
1936 4758 1988 4803 ind

374 4820 485 4867 breuiato
495 4819 630 4875 olisndsns,
642 4821 742 4865 latrans
752 4822 793 4865 cus'
803 4834 821 4865 c.
835 4833 854 4865 ι.
868 4818 1039 4875 chariinghsrn
1056 4817 1151 4861 latrum
1165 4814 1321 4861 substantiue
1331 4814 1458 4872 accipiens.
1491 4813 1506 4857 i
1519 4814 1609 4858 landas
1621 4816 1671 4858 iam
1682 4812 1739 4865 PR,
1752 4816 1862 4861 laudasti
1872 4815 1988 4862 uidentur

374 4880 461 4925 Μ
471 4892 573 4984 ”ih

606 4884 654 4934 ιιι,
667 4893 729 4925 οοιτ.
742 4878 820 4925 (iude.
853 4882 910 4936 past
920 4877 950 4921 1⁰
960 4876 1070 4922 Phaedri
1080 4876 1143 4931 Aua.
1157 4875 1236 4921 leberti
1247 4875 1307 4920 liber
1316 4876 1420 4933 quintus
1430 4872 1528 4929 explicit
1533 4871 1641 4927 feliciter
1651 4871 1707 4918 add.
1721 4872 1750 4927 R,
1764 4886 1811 4918 uon
1823 4872 1850 4919 Ρ.

433 4938 455 4983 Α
605 4936 782 4997 Inscriptioaes
797 4936 888 4983 litteris
903 4935 1043 4981 maiusculis
1058 4938 1169 4980 ersmtas
1184 4932 1240 4980 add.
1253 4932 1371 4987 Jeunelli,
1383 4944 1446 4990 quae
1460 4929 1551 4977 litteris
1561 4929 1704 4977 minuendis
1714 4930 1805 4977 subscri
1823 4938 1864 4978 tae
1874 4936 1940 4988 sunt,
1953 4933 1989 4979 ita

374 4998 399 5043 in
416 4952 639 5043 coimmunis
654 5000 750 5042 extant.
813 4994 825 5039 1
841 4994 885 5049 (Η.
904 4994 964 5049 loll.
997 4995 1012 5038 ι
1028 4995 1063 5038 ita
1079 4992 1194 5039 Jeunelli.
1217 5006 1238 5049 q.
1259 4997 1276 5038 t.
1295 4994 1352 5047 imp.
1370 5004 1444 5047 parri.
1462 5003 1563 5047 quantu.
1579 4994 1646 5046 port.
1665 4988 1689 5035 N
1697 4989 1728 5035 V.
1790 4946 1823 5033 Is

1824 4990 1868 5041 (ll.
1880 4992 1941 5043 lot).
1973 4992 1989 5035 ί

374 5068 530 5113 quamcunque
545 5053 577 5111 V,
597 5069 658 5101 corr.
678 5054 774 5109 Muell„
794 5068 857 5111 puae
872 5055 960 5110 cuique
976 5053 1106 5107 indulator
1121 5051 1186 5098 Fert.
1204 5051 1345 5097 Stowasser.
1378 5050 1508 5116 ιωηιιιίι
1518 5045 1651 5102 D¹0rvillc,
1664 5061 1751 5116 eos-pm
1762 5049 1789 5094 in
1802 5047 1861 5095 VN.
1882 5050 1986 5106 phrasin

375 5115 439 5171 NV,
451 5115 570 5172 rps'rs'tam
587 5113 678 5160 Havete
712 5113 742 5157 10
759 5113 866 5158 hominis
883 5111 914 5166 V,
930 5114 1042 5157 auncinis
1055 5110 1138 5156 hluell.
1201 5108 1290 5164 mffl.
1304 5107 1365 5161 lot).
1398 5105 1548 5153 lohoaadd.
1562 5105 1679 5153 Jannelh.
1702 5108 1883 5154 contubernales
1896 5108 1985 5154 Ηιιει.

375 5175 390 5218 6
403 5188 489 5231 parem
503 5173 588 5227 duam,
603 5186 671 5229 par.
685 5204 691 5217 .
709 5172 741 5227 N,
759 5186 807 5217 orn.
823 5170 854 5216 V.
887 5171 916 5214 1⁸
932 5170 959 5215 id
976 5184 1029 5215 curn
1041 5168 1106 5225 sorte
1120 5184 1151 5215 na.
1169 5168 1192 5214 N
1204 5168 1235 5224 V,
1249 5182 1309 5213 corr.
1321 5164 1439 5221 Jsoosui,
1456 5166 1548 5210 rideret
1563 5165 1595 5219 N,
1612 5165 1676 5210 ridet
1688 5164 1718 5218 V,
1736 5165 1763 5210 s'd
1777 5165 1838 5211 dum
1849 5172 1988 5222 ponentem

374 5247 405 5280 m.
423 5234 487 5279 ridel
497 5231 634 5278 Froehlich.
664 5231 692 5275 Π
707 5231 788 5276 alium
799 5230 830 5275 V.
893 5226 926 5272 IV
942 5228 983 5285 (Η.
998 5230 1056 5279 loti.
1085 5229 1178 5273 bercta
1191 5226 1221 5281 N,
1234 5240 1296 5272 eura
1307 5224 1338 5271 V.
1373 5225 1403 5269 lt
1417 5224 1557 5277 raditNV,
1567 5237 1627 5269 corr.
1638 5222 1755 5269 annelli.
1774 5223 1909 5280 festinante
1923 5226 1986 5281 NV,

374 5307 435 5338 corr.
452 5291 539 5337 Bothe.
572 5291 603 5334 lb
617 5289 732 5336 diuidere
748 5289 839 5335 llas-et.
877 5288 908 5332 Μ
923 5287 959 5333 ita
973 5286 1062 5340 Has-et,
1076 5286 1152 5342 sarilo
1169 5288 1218 5342 ipre
1232 5285 1353 5330 sarmatia
1368 5283 1392 5327 V
1407 5284 1441 5337 (N
1457 5287 1487 5329 ιιι
1501 5282 1572 5336 uidl,
1601 5282 1663 5327 aede
1679 5287 1700 5328 at
1717 5284 1767 5339 ipse
1783 5284 1893 5329 adsentio
1909 5284 1986 5331 Riese.

374 5352 411 5406 ιι,
424 5352 454 5395 Μ
463 5364 504 5396 uu.
517 5348 575 5397 alibi
586 5350 611 5395 in
623 5347 692 5395 eodd.

374 5408 469 5466 Mucii,
482 5410 547 5455 uitia
559 5407 582 5454 N
591 5407 622 5464 V,
638 5410 699 5453 uitio
748 5408 798 5461 the,
812 5407 899 5451 amita
911 5404 1001 5451 Hsret.

752 5348 799 5394 'tos
810 5347 857 5393 huc
873 5344 1003 5392 transtulit
1018 5345 1105 5391 Bothe.
1132 5345 1157 5389 iu
1173 5344 1209 5389 ed.
1229 5342 1354 5390 Orelliana
1365 5341 1390 5388 hi
1400 5341 1450 5388 duo
1464 5355 1507 5387 uu.
1524 5339 1566 5387 lab

1626 5372 1633 5386 .
1646 5340 1668 5385 V
1680 5342 1836 5387 constituunt
1875 5343 1904 5387 ιι
1917 5346 1988 5390 initia
