4967 6309
833 313 889 366 AD
905 312 1114 366 LECTOREM
1127 313 1237 368 BENE
1242 315 1309 370 VOL
1316 315 1370 370 VM
1384 317 1538 370 Pham
1544 317 1604 371 TIO

773 488 822 540 est
835 479 917 540 inter
930 479 1038 558 fruges
1052 498 1157 539 morsu
1171 480 1258 560 piper
1271 481 1471 561 aequiperans
1539 483 1587 562 git

772 577 805 633 ct
818 571 979 633 Pelusiaco
992 571 1032 633 de
1047 571 1163 632 semine
1177 573 1280 651 plana,
1293 579 1373 634 teres
1541 577 1609 638 lens

771 671 804 726 et
817 665 934 745 duplici
949 664 1078 726 defensa
1090 667 1252 745 putamine
1266 667 1500 747 quinquegenus
1540 689 1604 730 nux

774 807 923 869 Germani
936 807 1050 868 iratres
1065 814 1140 866 sunt
1154 807 1308 877 chrestos,
1323 809 1502 890 Acindynos
1516 813 1603 874 alter.

772 901 888 962 falsum
903 918 1016 960 nomen
1031 899 1171 978 utrique;
1194 901 1248 960 sed
1262 908 1297 960 ut
1311 921 1420 962 uerum
1435 904 1476 962 sit
1489 906 1615 985 utrique

771 994 867 1072 alpha
880 1012 973 1053 suum
987 992 1118 1053 Chresto
1133 992 1186 1052 det
1199 993 1388 1072 Acindynos:
1411 997 1476 1074 ipse
1491 999 1557 1058 sine
1571 999 1667 1079 alpha

812 1090 1005 1164 permaneat;
1027 1102 1139 1143 uerum
1152 1104 1264 1145 nomeu
1278 1094 1408 1164 uterque
1422 1096 1515 1166 geret.

770 1246 910 1289 emamus
924 1225 1156 1308 gelidorpopepoi
1171 1233 1215 1288 καὶ
1228 1229 1438 1307 frigdopoetae
1460 1275 1467 1290 .
1489 1274 1496 1292 .
1520 1276 1527 1291 .
1551 1276 1557 1292 .

772 1323 804 1379 ἔν
818 1345 847 1380 τε
861 1319 933 1400 fora
947 1318 1071 1388 causare
1084 1345 1113 1381 re
1127 1325 1175 1381 καὶ
1189 1322 1353 1400 ingratascr
1367 1321 1510 1398 καθέδραις

407 1474 462 1554 qni
478 1474 656 1554 Aquitania,
670 1478 725 1556 qui
746 1478 870 1555 trigeno,
886 1478 942 1558 qui
958 1479 1132 1548 matricida,
1148 1480 1202 1559 qui
1215 1481 1387 1558 nonaginta,
1401 1480 1457 1558 qui
1471 1484 1573 1548 ariete,
1589 1486 1625 1540 ut
1638 1499 1737 1560 pauca
1751 1487 1876 1542 tantum
1890 1499 2020 1542 comme·

407 1586 533 1636 morem,
547 1567 855 1648 scripserit-eumne
870 1570 999 1649 iuquam
1019 1577 1056 1632 tu
1073 1570 1205 1651 dignum
1219 1591 1284 1633 csse
1300 1572 1396 1633 credis
1411 1571 1464 1650 qui
1479 1571 1561 1632 iuter
1575 1572 1709 1633 Ronrani
1724 1574 1869 1634 carminis
1882 1579 2022 1634 auctores

407 1678 526 1720 sessum
546 1660 714 1740 recipiatur
733 1668 799 1733 aut,
816 1661 844 1722 si
864 1668 1061 1743 praepostero
1081 1663 1137 1726 illo
1153 1663 1269 1726 honore
1288 1665 1419 1724 confisus
1438 1665 1521 1725 hunc
1540 1665 1638 1726 locum
1661 1667 1720 1727 sibi
1738 1666 1944 1745 adrogauerit,
1959 1684 2021 1726 non

406 1753 552 1814 continuo
572 1754 796 1816 submoueatur
814 1761 909 1836 atque
927 1774 964 1817 eo
982 1755 1110 1835 quidem
1128 1775 1199 1818 cum
1213 1777 1306 1819 uersu
1319 1776 1381 1837 quo
1395 1756 1598 1819 Parmenonis
1611 1759 1659 1819 sui
1674 1778 1816 1839 soporem
1831 1761 2020 1820 matutinum

407 1854 471 1905 tam
485 1844 586 1924 lepide
600 1847 735 1927 castigat

935 1960 1038 2022 surge,
1053 1949 1197 2021 nugetur,
1211 1941 1371 2003 lacerande
1385 1940 1500 2020 uirgis!

487 2108 548 2171 Sed
567 2108 617 2171 hic
633 2110 727 2173 ‘heus
746 2111 814 2174 tul’
829 2111 935 2193 inquit
948 2112 1064 2192 aliquis
1079 2121 1173 2174 ‘num
1187 2112 1430 2173 Claudianum
1446 2131 1569 2192 quoque
1583 2112 1756 2191 aspernaris
1772 2112 1826 2190 qui
1839 2118 1941 2174 aetate
1954 2111 2021 2190 ipso

405 2200 544 2263 Ausonio
564 2203 693 2266 inferior
710 2210 768 2275 est,
783 2205 906 2284 ingenio
926 2212 960 2267 et
979 2207 1120 2268 bonitate
1141 2206 1192 2267 uel
1213 2207 1313 2267 multo
1333 2206 1435 2284 prior!
1464 2205 1673 2267 Claudianum
1693 2224 1750 2284 ego
1771 2205 1855 2266 haud
1876 2205 2020 2284 equidem

405 2314 564 2374 aspernor,
588 2297 682 2358 miror
701 2298 802 2376 magis
823 2300 856 2358 in
878 2299 1035 2379 Aegyptio
1057 2299 1262 2377 graecissante
1284 2305 1405 2359 tantam
1426 2305 1466 2366 et,
1482 2299 1507 2358 si
1525 2298 1658 2377 paruula
1677 2297 1830 2377 quaedam
1847 2297 1952 2376 (quale
1972 2302 2021 2358 est

399 2388 548 2466 scritura)
571 2389 733 2468 exceperis,
754 2399 822 2451 tam
843 2390 1018 2452 Romanam
1039 2391 1228 2452 facundiam.
1257 2410 1292 2451 ac
1313 2391 1340 2450 si
1360 2410 1415 2469 per
1435 2390 1541 2450 diuam
1560 2390 1729 2451 Camenam
1747 2390 1862 2458 liceret,
1879 2396 2020 2450 ueterum

406 2478 589 2560 scriptorum
604 2481 767 2542 ordinibus
781 2482 914 2543 libenter
926 2501 998 2543 eum
1013 2483 1228 2545 adscriberem.
1256 2502 1364 2544 uerum
1379 2482 1433 2543 illa
1447 2483 1479 2542 in
1494 2502 1581 2544 mora
1595 2490 1643 2544 est
1656 2489 1689 2544 et
1701 2483 1827 2543 Lucreti
1842 2483 1891 2543 sui
1905 2501 2021 2544 memor

408 2571 475 2649 (ΠΙ
488 2571 564 2649 851)
579 2592 616 2634 ea
635 2593 716 2653 quae
734 2573 926 2636 Claudianus
940 2581 998 2635 aut
1011 2574 1126 2656 aliquis
1142 2582 1335 2655 posterorum
1350 2576 1382 2635 in
1396 2575 1508 2635 Latino
1523 2577 1657 2637 carmine
1670 2575 1793 2655 egregie
1806 2575 1915 2636 fecerit
1929 2581 2021 2653 negat

405 2664 445 2724 ad
470 2684 502 2725 se
525 2665 588 2725 iam
612 2667 778 2746 quicquam
803 2669 957 2747 pertinere
982 2687 1052 2728 cum
1077 2668 1172 2729 semel
1194 2668 1370 2746 interrupta
1391 2667 1488 2728 fuerit
1509 2669 1564 2729 illa
1585 2669 1634 2728 sui
1656 2668 1837 2746 repetentia.
1879 2668 2022 2746 quocirca

406 2756 597 2820 Claudianus
618 2766 723 2821 noster
742 2760 842 2821 nihilo
863 2761 963 2840 magis
982 2761 1015 2821 in
1036 2767 1176 2822 ueterum
1199 2779 1362 2821 numerum
1384 2761 1563 2820 referendus
1585 2768 1632 2820 est
1653 2780 1748 2838 quam
1769 2759 1944 2820 Politianus
1964 2767 2021 2820 aut

405 2850 533 2912 Grotius
547 2858 603 2913 aut
615 2851 770 2914 Miltouus
784 2859 840 2915 aut
853 2853 901 2915 illi
914 2854 1049 2934 denique
1064 2855 1119 2933 qui
1133 2852 1335 2914 Hoeufftiano
1348 2872 1423 2913 auro
1436 2851 1596 2913 inlustrati
1610 2860 1693 2913 sunt.

485 2943 577 3020 Quod
596 2946 636 3006 ad
656 2945 686 3006 N
690 2946 914 3008 emesianum
935 2947 1058 3015 attinet,
1073 2946 1151 3007 exile
1172 2965 1243 3006 sane
1262 2945 1340 3007 illud
1360 2944 1485 3025 quidem
1502 2945 1671 3022 ingenium,
1685 2944 1786 3005 fateor
1800 2963 1850 3004 me
1865 2962 1928 3004 non
1939 2943 2020 3003 nihil

405 3036 481 3117 quid
502 3038 636 3100 facerem
657 3039 869 3100 addubitasse.
903 3038 1048 3100 admittit
1063 3039 1147 3099 enim
1166 3058 1228 3100 non
1247 3037 1333 3100 nulla
1351 3056 1430 3116 quae
1453 3037 1607 3116 prioribus
1630 3035 1761 3098 saecuhs
1782 3036 1873 3117 plane
1893 3035 2021 3114 indigna

407 3129 580 3200 uideantur.
595 3131 704 3211 qualia
717 3137 792 3192 sunt
805 3138 839 3193 et
851 3132 932 3193 illud
949 3130 1074 3211 (cyse.
1090 3132 1145 3210 83)

850 3273 978 3354 agmina
991 3275 1062 3354 quis
1075 3274 1167 3335 tortis
1182 3275 1301 3336 animat
1315 3273 1439 3336 deuotio
1453 3279 1582 3345 mentes,

406 3394 440 3452 et
452 3389 531 3452 illud
548 3391 602 3469 (ib.
617 3389 693 3469 125)

850 3495 1002 3559 fecundos
1015 3496 1116 3576 aperit
1129 3502 1237 3577 partus
1253 3503 1375 3558 matura
1390 3497 1531 3577 grauedo.

406 3649 460 3712 sed
481 3670 551 3712 cum
569 3669 632 3711 nou
652 3649 754 3711 solum
772 3655 873 3712 aetate
893 3651 1059 3714 sedetiam
1079 3651 1172 3713 rebus
1190 3659 1222 3712 et
1239 3653 1432 3731 argumentis
1447 3653 1562 3731 priores
1577 3653 1704 3732 propius
1719 3656 1897 3730 attingeret,
1912 3651 2018 3712 eodem

405 3763 466 3823 quo
477 3743 637 3804 Grattium
647 3749 679 3803 et
689 3741 895 3823 Calpurnium
910 3750 995 3804 tomo
1009 3749 1041 3805 et
1054 3744 1159 3825 ipsum
1173 3743 1290 3824 placuit
1304 3743 1464 3805 includere.
1494 3764 1513 3804 a
1526 3744 1712 3805 Nemesiano
1726 3744 1909 3824 priusquam
1924 3743 2018 3804 disoe-

404 3835 507 3902 datur,
522 3834 599 3895 libet
617 3834 729 3913 insigni
746 3835 931 3897 documento
950 3836 1163 3898 demonstrare
1177 3837 1303 3916 quantis
1321 3837 1354 3896 in
1372 3837 1494 3915 poetica
1508 3837 1653 3898 laudibus
1666 3838 1733 3898 eius
1748 3836 1926 3916 aequalium
1939 3835 2018 3894 iudi·

404 3927 486 3988 cium
505 3926 594 3987 illum
613 3927 750 3996 coluerit,
765 3947 831 3989 sese
850 3929 1016 3989 notauexit.
1046 3929 1130 4008 apud
1144 3928 1309 4008 Vopiscum
1324 3930 1356 3988 in
1372 3929 1438 3989 uita
1452 3929 1636 3990 Numeriani
1652 3931 1729 4008 (cap.
1748 3929 1802 4003 ll)
1820 3928 1858 3988 de
1872 3926 2020 4006 principis

405 4020 527 4101 scriptis
546 4020 621 4082 haec
641 4020 738 4081 relata
759 4021 910 4083 inuenies:
934 4030 1046 4082 ‘uersu
1067 4021 1140 4082 talis
1161 4022 1259 4082 fuisse
1279 4021 1473 4100 praedicatur
1495 4029 1530 4081 ut
1551 4041 1656 4082 omnes
1676 4027 1783 4101 poetas
1803 4023 1853 4080 sui
1872 4019 2018 4099 temporis

403 4112 522 4173 uicerit.
555 4131 628 4172 nam
649 4118 682 4174 et
703 4132 774 4174 cum
798 4111 964 4193 Olympio
989 4114 1205 4175 Nemesiano
1231 4114 1397 4181 contendit,
1422 4114 1476 4192 qui
1496 4113 1642 4175 ἁλιευτικὰ
1663 4119 1831 4191 cvra-serat
1850 4119 1883 4173 ct
1903 4117 2017 4172 remisi

405 4205 550 4286 (ixeutica
573 4205 765 4284 Bernhardy)
789 4207 913 4287 scripsit
934 4207 1051 4285 quique
1075 4207 1218 4267 omnibus
1240 4206 1359 4267 coronis
1380 4206 1564 4268 inlustratus
1585 4207 1730 4276 emicuit,'
1749 4213 1781 4267 et
1798 4226 1827 4286 q.
1848 4225 1871 4266 x.
1907 4203 2018 4266 litteris

404 4319 482 4380 quae
492 4321 512 4361 a
522 4298 650 4360 saeculis
658 4299 774 4359 damna
783 4299 956 4379 acceperint
966 4299 1134 4379 aliquando
1145 4300 1238 4361 etiam
1250 4300 1404 4380 profuisse
1414 4301 1557 4362 credibile
1568 4307 1615 4362 est
1625 4321 1696 4362 cum
1704 4301 1788 4363 Nero
1797 4299 2019 4361 Numerianus

404 4411 465 4471 que
477 4398 586 4472 poetae
599 4390 668 4470 pari
682 4389 837 4451 obliuione
852 4391 1033 4452 obruantur.
1585 4453 1588 4456 .

485 4483 533 4545 De
552 4503 675 4545 summa
692 4483 756 4543 iam
775 4481 924 4544 diximus:
948 4483 1004 4543 sed
1025 4490 1062 4545 ut
1084 4485 1117 4545 in
1140 4485 1195 4547 illa
1216 4487 1257 4548 ad
1278 4507 1422 4567 praesens
1443 4489 1553 4551 saltem
1575 4490 1842 4571 adquiesceremus
1866 4488 2018 4551 sententia

404 4575 537 4639 minores
557 4595 681 4657 quoque
701 4575 887 4636 accedebant
908 4594 1027 4645 causae,
1043 4596 1114 4637 cum
1132 4598 1189 4639 nos
1210 4585 1242 4640 et
1260 4580 1361 4640 iustus
1380 4587 1535 4643 tomorum
1555 4584 1666 4644 modus
1686 4585 1741 4664 qui
1760 4584 1843 4645 intra
1864 4588 2017 4643 sescentas

404 4671 533 4749 paginas
554 4669 763 4730 contineretur
782 4674 814 4730 et
834 4667 905 4729 illae
926 4688 1023 4749 paene
1044 4670 1106 4730 iam
1127 4672 1273 4751 uulgares
1287 4675 1493 4753 querimoniae
1509 4677 1610 4743 finem
1627 4677 1731 4736 sinon
1745 4677 1842 4737 totius
1860 4674 1970 4752 operis,
1983 4680 2017 4732 at

405 4763 532 4824 alterius
557 4763 668 4823 saltem
689 4760 767 4822 tomi
789 4761 1033 4822 desiderantium
1055 4763 1141 4823 haud
1163 4765 1278 4826 inuitos
1300 4773 1332 4827 et
1352 4767 1435 4846 ipsos
1457 4775 1618 4829 monerent
1642 4788 1762 4830 nerem
1783 4789 1838 4828 suo
1859 4765 2017 4828 molimine

405 4854 482 4914 satis
496 4874 622 4934 grauem
636 4853 737 4915 alieno
750 4854 876 4933 insuper
889 4872 981 4914 onere
996 4854 1198 4916 tardaremus.
1229 4860 1425 4920 succurrebat
1440 4881 1563 4941 quoque
1577 4881 1666 4940 posse
1680 4863 1724 4922 eis
1738 4863 1853 4941 quibus
1867 4861 1941 4922 haec
1954 4859 2015 4919 dis·

406 4947 551 5026 plicitura
571 4953 674 5008 essent
692 4947 786 5007 aliam
808 4947 884 5007 satis
903 4946 1036 5007 faciendi
1056 4947 1141 5008 uiam
1162 4949 1304 5010 inueniri.
1332 4971 1402 5012 nam
1423 4953 1560 5033 aliquam
1575 4953 1743 5034 aliquando
1757 4954 1831 5015 huic
1844 4953 1929 5034 operi
1943 4953 2015 5014 sub-

406 5041 532 5118 iungere
546 5039 746 5120 appendicem
761 5040 871 5121 utique
886 5041 920 5101 iu
933 5041 1038 5101 animo
1054 5041 1117 5101 fuit
1136 5042 1168 5101 in
1188 5061 1250 5122 qua
1264 5049 1295 5104 et
1309 5042 1392 5104 locus
1411 5053 1493 5107 esset
1511 5047 1666 5126 opusculis
1681 5047 1866 5127 quibusdam
1883 5067 2015 5126 quorum

407 5139 492 5193 certa
504 5132 683 5213 antiquitas,
696 5139 805 5194 auctor
818 5135 954 5197 incertus
970 5142 1052 5198 esset
1065 5142 1098 5197 et
1116 5135 1329 5213 colligerentur
1342 5157 1378 5198 ea
1397 5139 1423 5200 si
1438 5159 1516 5219 quae
1529 5146 1600 5220 post
1614 5161 1693 5220 opus
1706 5141 1863 5220 inceptum
1877 5139 2015 5200 uirorum

408 5225 568 5285 doctorum
589 5227 623 5285 in
641 5226 691 5285 his
710 5227 911 5306 scriptoribus
931 5236 1056 5291 uersata
1074 5229 1229 5289 industria
1247 5249 1321 5290 uera
1338 5231 1464 5311 uerique
1484 5233 1598 5293 similia
1616 5233 1667 5295 uel
1687 5234 1873 5313 repperisset
1893 5232 1945 5293 uel
1964 5250 2014 5293 ex-

409 5317 583 5396 cogitasset.
606 5318 681 5379 haec
694 5320 848 5399 appendix
862 5324 978 5402 poterit
988 5323 1104 5402 paucis,
1116 5320 1246 5399 triginta
1260 5329 1345 5401 puta,
1356 5324 1478 5404 paginis
1492 5331 1640 5396 constare,
1651 5327 1768 5405 poterit
1777 5325 1870 5387 etiam
1884 5327 1917 5386 in
1931 5323 2015 5385 tertii
