4967 6309
781 460 861 516 CVII

433 550 605 628 Explicitum
616 551 694 605 nobis
704 568 791 620 usque
801 551 837 604 sd
847 567 899 605 sua
908 567 1010 606 cornua
1020 549 1121 604 librum

467 622 590 694 etquasr
598 616 755 693 perlectum,
768 617 930 694 Septiciaue,
943 617 1034 670 reiera

434 680 1126 814 milditimr'ibtimiiiiim“i

770 297 809 350 Μ.
836 295 979 349 rutae!
993 293 1212 348 MABTIALIS
1225 284 1546 349 EPIGRAMMATON
1559 291 1633 346 tut.
1653 291 1704 344 XI

1606 455 1700 510 CVIII

1251 570 1253 579 ·
1265 549 1399 614 Quamuis
1409 552 1468 601 tam
1479 546 1560 614 longo
1570 545 1656 612 poesie
1666 549 1745 598 eatur
1755 559 1814 598 eeee
1824 543 1927 607 libello,

1298 614 1391 673 lector,
1404 612 1493 664 ullum
1504 626 1521 662 a
1531 626 1576 662 ms
1586 609 1704 662 disticha
1713 624 1802 686 pauca
1812 609 1890 676 petia

1251 683 1255 713 ¹
1266 677 1313 730 sed
1327 677 1419 744 Lupus
1431 689 1540 727 trentam
1552 675 1682 741 puerique
1693 674 1781 725 ‹lraria
1792 680 1914 740 poscunt

1251 739 1254 776 ²
1300 742 1393 803 lector,
1406 741 1489 792 solue
1516 738 1824 808 meaedissimulnequet
1845 737 1916 790 nale

831 1246 1090 1342 'rrnnn
1136 1267 1605 1345 nvonecrmvs

782 1465 977 1560 Vtrumvs
1006 1465 1228 1567 Manrmtrs
1258 1467 1398 1542 Pnrsco
1425 1490 1492 1542 svo
1519 1467 1703 1544 Sunvrnm
1991 1451 2004 1572 i

505 1666 568 1720 Scio
583 1681 628 1741 me
644 1663 823 1741 patrocinium
839 1661 937 1740 debere
953 1664 1209 1741 contumacissimae
1225 1665 1328 1742 trienni
1344 1665 1479 1744 desidiaec
1495 1682 1550 1742 quo
1565 1665 1887 1746 absoluendauou'eeeet
1901 1666 1974 1746 iuter
1984 1664 2048 1719 illas

439 1727 984 1860 itiitiiffiiiiltiiiitiiiff
994 1728 1106 1846 iiiii
1114 1731 2047 1872 tiliiiiiiii?{immitabilistritium}

439 1861 515 1914 tione
526 1858 694 1912 secessimus
718 1858 810 1924 accipe
826 1872 890 1924 ergo
905 1859 1046 1910 rationem.
1071 1859 1099 1911 in
1112 1874 1168 1925 qua
1178 1857 1230 1911 lroc
1244 1874 1395 1912 maxrmum
1407 1867 1436 1911 et

1465 1859 1562 1911 rimunr
1574 1865 1626 1920 eet,
1638 1859 1709 1927 quod
1721 1859 1846 1912 ciuitatis
1857 1875 1937 1912 auree
1948 1859 2048 1927 quibua

438 1925 740 2000 adsueuemmnquaero,
753 1930 782 1975 et
795 1919 891 2000 uideor
905 1921 973 1974 milri
989 1921 1018 1974 in
1031 1921 1123 2000 alieno
1135 1922 1195 2000 loru
1210 1922 1336 1990 litigare3
1353 1875 1597 1999 siquidentleuim
1629 1924 1682 1976 nod
1693 1925 1721 1976 in
1733 1923 1835 1976 libellis
1847 1925 1915 1977 meis
1929 1924 2046 2000 placeat,
2074 1936 2088 1989 5

438 1989 558 2065 dictauit
568 1988 690 2041 auditor:
706 1986 782 2039 tilam
795 1985 954 2038 rudtcrorum
965 1984 1159 2064 subtilitatem,
1167 1987 1237 2040 tllud
1248 1989 1424 2064 materiarum
1432 1989 1581 2055 ingenium,
1590 1987 1622 2064 bi·
1638 1988 1887 2064 liqtltecastlreatra
1893 1995 2046 2064 cunutctnn,

439 2070 467 2106 ru
479 2054 580 2131 quibus
591 2052 739 2132 studeretis
747 2051 1105 2167 uolupt'tatosnonpenttuut,
1114 2050 1152 2128 sd
1158 2067 1295 2128 summam
1304 2069 1426 2130 omarum
1434 2052 1561 2130 illaquae
1569 2053 1679 2130 delicati
1690 2053 1851 2119 reliqurmus
1861 2051 2047 2128 desideraturus

438 2115 975 2258 iitiiti‘itiididsaiii
987 2116 1835 2258 ltili,tittiiilriiiiitiiiiidilituit
1843 2116 2048 2258 iiiiii

439 2247 475 2299 ab
485 2246 647 2312 indignante
655 2259 726 2313 qnae
737 2260 755 2297 a
765 2249 901 2311 merente
911 2243 969 2296 liert
979 2242 1111 2297 solebant.
1137 2260 1172 2297 ne
1180 2246 1248 2312 qutd
1257 2255 1351 2298 tamen
1360 2253 1390 2298 et
1397 2245 1555 2298 aduenienti
1567 2244 1618 2298 trbr
1626 2245 1661 2298 ab
1669 2245 1736 2298 urbe
1747 2251 1775 2298 et
1786 2251 1908 2313 exigentt
1919 2260 2047 2314 negarem
2075 2259 2106 2298 ιο

439 2311 495 2372 (cui
510 2327 564 2362 non
580 2310 667 2362 reiero
681 2309 808 2376 gratiam,
821 2310 845 2361 si
860 2314 968 2361 tentum
983 2325 1018 2361 sa
1032 2315 1142 2376 praesto
1152 2325 1225 2377 quae
1237 2315 1366 2376 possunt),
1380 2311 1504 2378 inperaui
1518 2309 1587 2362 milti
1598 2309 1670 2378 quod
1681 2309 1824 2378 indulgere
1837 2325 2005 2369 consueram,
2017 2315 2048 2361 et

438 2374 534 2428 studui
551 2375 721 2441 psucissimie
736 2373 841 2434 disum,
858 2378 890 2425 ut
904 2372 1131 2425 familiarissimas
1146 2373 1215 2425 mibi
1231 2389 1312 2427 aures
1325 2378 1390 2428 tuas
1405 2373 1555 2442 exciperem
1572 2373 1735 2427 ednentoria
1750 2389 1806 2426 sua
1832 2380 1864 2427 tu
1881 2373 1965 2426 uelim
1981 2375 2046 2434 iste,

438 2455 510 2507 quae
527 2444 637 2492 tautum

740 2444 769 2491 te
784 2453 839 2490 uon
852 2436 1051 2504 periclitantur,
1064 2437 1212 2504 diligenter
1224 2439 1372 2492 aestimare
1383 2444 1413 2492 et
1423 2446 1551 2492 excutere
1563 2455 1616 2491 non
1630 2439 1763 2505 gmnerim
1780 2445 1810 2492 et
1850 2437 1904 2490 uod
1915 2438 1967 2492 tibi
1978 2437 2047 2490 dilli-

438 2504 571 2557 cillimum
589 2509 640 2565 est,
653 2438 747 2555 Idtudu
767 2502 789 2552 ’s
805 2501 906 2554 nostris
922 2500 1025 2555 iudices
1041 2501 1157 2556 candore
1171 2503 1291 2570 seposito
1309 2519 1344 2556 ns
1360 2503 1522 2566 Romanasi
1539 2505 1580 2557 ita
1595 2503 1753 2565 decreueris,
1767 2477 1821 2555 nod
1831 2455 2046 2570 (hispaniensem

437 2568 538 2622 librum
552 2567 696 2621 mittamus
766 2565 927 2634 Hispanum.

821 2728 835 2781 1

437 2820 524 2875 Iletia
533 2819 600 2872 dum
610 2822 719 2872 cessem
729 2817 927 2894 latratoresque
937 2815 1053 2872 Molossi
1067 2866 1070 2873 .

470 2897 501 2939 et
511 2900 566 2937 nou
577 2885 691 2937 inuenio
702 2883 774 2936 silua
784 2883 900 2960 quiesctt
910 2897 985 2950 apro,

437 2951 505 3012 otiu,
519 2950 620 3010 Prisce,
633 2949 709 3001 breui
721 2953 821 3016 poteris
831 2947 932 3000 donam
942 2945 1044 3000 libello

471 3014 540 3067 hors
549 3029 600 3067 uec
610 3013 719 3066 aestiua
729 3019 832 3065 estnec
844 3011 895 3065 tibi
907 3017 968 3064 tota
978 3011 1056 3079 perit

816 3149 843 3201 ll

439 3240 518 3306 Quse
528 3239 609 3292 modo
620 3239 731 3292 litoreus
742 3237 825 3291 ilmtis
835 3237 955 3289 carmina
966 3237 1079 3314 Pyrgos,

471 3306 511 3360 ite
522 3304 615 3367 Sacra,
628 3304 684 3357 iant
694 3319 749 3356 nou
761 3301 961 3371 puluerulsuta
974 3317 1029 3355 nra

809 3439 853 3493 III

439 3534 484 3589 Ad
497 3531 612 3610 populos
623 3530 698 3584 mitti
710 3529 758 3598 qui
768 3545 855 3597 nuper
865 3528 902 3581 ab
912 3528 979 3582 urbe
990 3527 1106 3592 solebes,

472 3599 526 3651 ibrs
537 3613 565 3650 to
576 3598 692 3649 Romam
703 3611 776 3648 nunc
787 3594 925 3662 peregriua
936 3592 1005 3646 liber

441 3663 555 3718 auriferi
567 3661 601 3713 ds
612 3666 695 3727 gente
705 3659 774 3726 Tagi
785 3657 930 3734 tetricique
941 3657 1056 3719 Salonis,

475 3727 525 3779 det
536 3726 640 3794 patrios
651 3739 745 3776 amnes
756 3738 825 3789 quos
835 3722 903 3774 mihr
914 3731 988 3775 terra
998 3729 1101 3789 potens

442 3807 498 3844 nou
509 3801 602 3843 tamen
615 3789 664 3840 bos
723 3787 776 3839 sris
786 3803 836 3839 nec
847 3787 902 3839 lum
913 3791 989 3853 potes
1001 3785 1109 3862 aduena
1121 3784 1184 3848 dici,
1207 3798 1221 3851 5

475 3857 555 3908 cuius
566 3854 651 3906 ltaltet
673 3859 760 3904 ratres
771 3856 814 3903 tot
825 3851 921 3903 domus
931 3849 990 3902 alta
1001 3849 1089 3902 Remu.

443 3923 503 3973 inre
514 3927 564 3971 tuo
576 3916 733 3970 ueneranda
743 3915 808 3967 noui
820 3922 882 3980 pete
893 3915 989 3968 limine.
998 3913 1104 3982 templi,

477 3984 585 4037 redditu
596 3981 685 4034 Pierio
695 3988 762 4032 sunt
773 3979 820 4033 ubi
831 3979 935 4046 templu
944 3977 1032 4031 choro.

444 4049 490 4102 uel
502 4048 526 4100 si
538 4046 675 4105 malueris,
690 4045 777 4111 prima
854 4045 908 4096 iere
920 4043 1040 4105 Subura3

477 4114 550 4165 atria
560 4117 626 4164 sunt
637 4111 693 4163 illic
705 4125 788 4162 ceusu
800 4110 823 4161 is
834 4108 893 4162 alta
903 4109 968 4161 mei:
1035 4169 1081 4233 m

477 4241 569 4294 clarus
580 4239 713 4292 lantbese
723 4238 812 4293 Stella
821 4238 912 4290 sititor
921 4186 1036 4304 sqdfsss
1049 4299 1056 4312 ι

445 4306 508 4359 ioue
518 4305 559 4358 ibi
570 4303 709 4357 Castalius
719 4303 809 4356 uitreo
819 4307 940 4354 torrente
949 4298 1079 4367 superbit,

480 4368 554 4423 unde
564 4384 662 4421 nouem
674 4366 798 4420 dominas
808 4381 889 4432 saepe
901 4364 1000 4417 bibisse
1010 4363 1115 4417 ierunt:

446 4433 495 4488 ille
506 4433 584 4486 dabit
595 4431 694 4508 populo
706 4428 1036 4506 patribusqueoequitique
1046 4425 1192 4495 legendum

479 4495 745 4551 necuimrumsiceis
755 4492 1038 4562 perlegetrrsegeula
1195 4493 1225 4545 1⁶

446 4560 641 4680 ιιι
649 4553 1182 4678 mmm

818 4759 858 4813 IV

448 4853 528 4919 Quod
540 4854 638 4907 Flseco
649 4851 786 4919 Varioque
795 4848 850 4902 iuit
860 4862 1020 4915 summoque
1031 4845 1141 4899 Maroni

481 4919 636 4979 Maecensa
649 4916 741 4970 atauis
751 4915 858 4982 regibus
869 4918 945 4966 ortus
956 4926 1049 4980 eques,

447 4984 577 5052 gentibue
585 4990 616 5036 et
625 4979 733 5051 populis
743 4979 794 5033 boc
804 4983 833 5032 to
842 4977 919 5040 mibi,
932 4976 1023 5030 Prisce
1033 4975 1154 5040 Terenti,

442 4177 594 4244 laurigeros
603 4174 713 4228 habitat
723 4173 858 4227 facundus
868 4172 955 4226 Stollu
1194 4120 1225 4158 ω

2076 2579 2106 2632 ¹5

1302 2728 1378 2782 iama
1389 2728 1473 2782 inisse
1483 2728 1584 2797 loquax
1596 2729 1648 2782 elta
1710 2729 1917 2784 uedicetauuu.
1968 2741 1971 2746 '

1271 2799 1301 2846 tu
1313 2792 1381 2846 iacis
1393 2794 1541 2861 ingenium,
1554 2800 1595 2856 tn,
1609 2795 1632 2846 si
1644 2796 1690 2910 zui
1706 2809 1798 2870 'pesse
1810 2793 1963 2856 uidemurt'
2033 2805 2048 2859 5

1238 2927 1242 2932 .
1303 2859 1396 2911 tudes
1408 2859 1644 2926 ingenuaeiuami
1665 2860 1674 2910 i
1685 2859 1821 2927 pigritiae.

1645 3008 1673 3062 V

1271 3098 1389 3164 Longior
1399 3098 1535 3152 undecimi
1546 3098 1624 3152 nobis
1635 3097 1787 3176 decimique
1798 3097 1885 3153 libelli

1304 3170 1412 3216 artatus
1423 3163 1499 3216 labor
1509 3169 1551 3216 est
1562 3171 1591 3217 et
1601 3163 1684 3216 breue
1696 3169 1762 3215 rttsrt
1774 3178 1849 3231 opus.

1271 3228 1351 3295 plura
1361 3226 1455 3296 legant
1467 3227 1555 3291 uacui,
1568 3227 1667 3297 quibus
1678 3228 1736 3281 otia
1746 3235 1810 3281 tuta
1820 3227 1933 3282 dedisti:
2006 3239 2008 3244 '

1305 3292 1371 3346 haec
1383 3293 1442 3360 lege
1453 3299 1494 3356 tu,
1508 3291 1620 3356 Cassan
1636 3291 1727 3345 iorseu
1739 3298 1769 3346 et
1779 3291 1829 3347 illa
1838 3291 1920 3360 leges

1638 3442 1680 3496 VI

1272 3532 1398 3600 Contigit
1408 3532 1547 3586 Ausoniae
1557 3548 1696 3600 procsmm
1707 3531 1868 3586 mitissimus
1878 3531 1959 3585 eules

1304 3597 1411 3650 Nerua:
1429 3597 1494 3650 licet
1505 3600 1564 3650 toto
1574 3613 1647 3650 nunc
1659 3597 1789 3649 Helicone
1800 3596 1868 3650 Iruir

1272 3671 1348 3715 recta
1359 3661 1448 3722 Fides,
1461 3661 1555 3714 hilaris
1567 3660 1726 3720 Clementia,
1739 3667 1823 3713 cauta
1833 3660 1960 3714 Potestas

1305 3727 1360 3778 iam
1372 3724 1499 3786 redeunt3
1517 3725 1590 3793 longi
1602 3732 1679 3789 torua
1688 3724 1787 3778 dedere
1798 3725 1899 3778 Metus

1249 3833 1251 3847 .
1272 3790 1323 3842 hoc
1335 3789 1427 3858 populi
1439 3798 1587 3857 gentesque
1600 3796 1672 3850 tune,
1685 3790 1731 3856 pia
1742 3788 1839 3852 Roma,
1851 3794 2010 3856 precantum
2034 3801 2049 3856 5

1305 3854 1362 3906 dux
1374 3854 1425 3906 tibi
1438 3855 1474 3906 sit
1485 3870 1589 3921 semper
1598 3853 1672 3913 talis,
1685 3859 1714 3905 et
1725 3854 1777 3905 ists
1787 3852 1844 3905 diu.

1274 3925 1363 3972 macte
1371 3918 1466 3979 animi,
1479 3934 1644 3984 qtremrarus
1655 3916 1747 3979 babes,
1757 3931 1917 3985 morumque
1927 3922 2049 3981 tuorum,

1306 3998 1375 4050 quos
1387 3982 1487 4042 Numa,
1501 3997 1568 4049 quos
1579 3981 1674 4034 hilaris
1685 3982 1770 4048 possit
1781 3981 1881 4035 babere
1892 3982 1969 4036 Ceto.

1274 4047 1377 4114 largiri,
1390 4053 1535 4113 praestare,
1550 4047 1644 4099 breues
1655 4045 1802 4100 extendere
1812 4061 1909 4099 census

1306 4120 1337 4164 et
1347 4110 1413 4164 dere
1424 4127 1494 4179 qnue
1505 4110 1599 4164 faciles
1608 4111 1657 4163 uix
1669 4111 1789 4163 tribuere
1798 4109 1853 4188 dei,

1275 4191 1348 4228 nune
1359 4174 1424 4228 licet
1435 4181 1464 4228 et
1474 4175 1516 4228 ise
1527 4181 1577 4230 est
1602 4175 1649 4229 sed
1661 4181 1693 4228 tu
1704 4175 1756 4227 sub
1767 4175 1888 4243 principe
1897 4173 1966 4227 duro

1306 4239 1528 4308 temporibusque
1538 4239 1619 4293 malis
1628 4255 1712 4294 ausus
1722 4255 1752 4293 es
1763 4255 1823 4294 esse
1833 4239 1927 4293 bonna

2019 4124 2052 4164 10

1634 4390 1858 4443 vim·

1340 4481 1411 4532 Toto
1421 4481 1524 4533 uertice
1534 4486 1602 4548 quot
1612 4481 1682 4544 perit
1692 4479 1803 4549 capillos
1918 4462 1932 4470 Η
1945 4459 1961 4471 ⁵⁶

1339 4560 1426 4598 anuos
1437 4546 1460 4597 si
1472 4552 1515 4598 tot
1526 4544 1609 4598 babet
1620 4545 1723 4612 liceis,
1736 4546 1819 4599 trima
1828 4550 1879 4599 est

1626 4694 1697 4748 VIII

1342 4783 1486 4860 Terrarum
1498 4783 1550 4860 dea
1559 4784 1737 4899 gentiumque
1748 4780 1844 4844 Roma,
1901 4744 1906 4776 '-

1342 4863 1387 4901 cut
1398 4853 1500 4926 pereat
1511 4847 1578 4900 urbrl
1591 4853 1620 4900 et
1631 4847 1688 4899 min
1710 4845 1866 4910 secundum,
1944 4897 1947 4904 .

1342 4910 1840 5044 ιιιιιιιι

506 5163 652 5212 mmet.
682 5134 855 5228 lwfflfle,
882 5157 1105 5217 eremum
1139 5157 1566 5218 iaciemus-,uolanimltatecp
1585 5119 2054 5220 adsumumutessndmneus·

523 5219 1077 5279 eidmstmtonr,eimsuscnliuuru
1109 5217 1336 5275 wlsbrmomm

1399 5194 1721 5278 nmen-inem.
1753 5217 2054 5336 rwimule‘

447 5280 484 5327 m
513 5279 682 5327 t-ttlrsb'l.
719 5277 1376 5339 smmumsmampuode,mm
1407 5278 1489 5329 uueli-
1513 5279 1595 5334 trbifi.
1628 5278 1775 5333 instituor

445 5345 528 5396 tutat.
589 5335 800 5395 vt-vteoms.
859 5335 1244 5394 mtmrnmttposm.

1307 5335 1353 5382 vn
1413 5336 1458 5385 ,u
1491 5336 1846 5396 erubuimutram.
